<?xml version="1.0" encoding="UTF-8"?>
<?xml-stylesheet type="text/xsl" href="https://www.revistas.usp.br/lib/pkp/xml/oai2.xsl" ?>
<OAI-PMH xmlns="http://www.openarchives.org/OAI/2.0/" xmlns:xsi="http://www.w3.org/2001/XMLSchema-instance" xsi:schemaLocation="http://www.openarchives.org/OAI/2.0/ http://www.openarchives.org/OAI/2.0/OAI-PMH.xsd">
<responseDate>2023-08-07T14:50:25Z</responseDate>
<request verb="ListRecords" metadataPrefix="marcxml" set="actafisiatrica">https://www.revistas.usp.br/actafisiatrica/oai</request>
<ListRecords>
<record>
<header>
<identifier>oai:revistas.usp.br:article/153470</identifier>
<datestamp>2019-09-23T18:08:52Z</datestamp>
<setSpec>actafisiatrica:Art.+Orig.</setSpec>
<setSpec>driver</setSpec>
</header>
<metadata>
<record xmlns="http://www.loc.gov/MARC21/slim" xmlns:xsi="http://www.w3.org/2001/XMLSchema-instance" xsi:schemaLocation="http://www.loc.gov/MARC21/slim http://www.loc.gov/standards/marcxml/schema/MARC21slim.xsd">
<leader>     nmb a2200000Iu 4500</leader>
<controlfield tag="008">"170630 2017                        eng  "</controlfield>
<datafield tag="022" ind1="#" ind2="#">
<subfield code="$a">2317-0190</subfield>
</datafield>
<datafield tag="022" ind1="#" ind2="#">
<subfield code="$a">0104-7795</subfield>
</datafield>
<datafield tag="042" ind1=" " ind2=" ">
<subfield code="a">dc</subfield>
</datafield>
<datafield tag="245" ind1="0" ind2="0">
<subfield code="a">Nível de atividade física de usuários da atenção primária: comparação entre indivíduos saudáveis e pós acidente vascular cerebral</subfield>
</datafield>  <datafield tag="720" ind1="1" ind2=" ">
<subfield code="a">Simões, Tamires Fernanda Pedrosa</subfield>
</datafield>
<datafield tag="720" ind1="1" ind2=" ">
<subfield code="a">Ferreira, Ananda Jacqueline</subfield>
<subfield code="u">Universidade Federal de Minas Gerais - UFMG</subfield></datafield>
<datafield tag="720" ind1="1" ind2=" ">
<subfield code="a">Martins, Júlia Caetano</subfield>
<subfield code="u">Centro Universitário de Belo Horizonte</subfield></datafield>
<datafield tag="720" ind1="1" ind2=" ">
<subfield code="a">Faria, Christina Danielli Coelho de Morais</subfield>
<subfield code="u">Universidade Federal de Minas Gerais - UFMG</subfield><subfield code="0">http://orcid.org/0000-0001-9784-9729</subfield></datafield>
<datafield tag="520" ind1=" " ind2=" ">
<subfield code="a"> Indivíduos acometidos pelo Acidente Vascular Cerebral (AVC) comumente apresentam um baixo nível de atividade física (AF), o que é fator de risco para recorrência do AVC, surgimento de outras doenças cardiovasculares e aumento das incapacidades. A manutenção de um bom nível de AF associa-se a uma melhora funcional e da saúde desses indivíduos. Objetivo: Comparar o nível de AF de indivíduos saudáveis e indivíduos pós-AVC usuários da atenção primária do SUS. Método: Todos os indivíduos pós-AVC (G1; n=37) usuários de uma Unidade Básica de Saúde (UBS) da cidade de Belo Horizonte, MG com condições clínicas para responder a um questionário, e indivíduos saudáveis pareados (G2; n=37), também usuários da UBS, foram avaliados quanto ao nível de AF pelo questionário Perfil de Atividade Humana (PAH). Estatísticas descritivas, teste-t de student, teste qui-quadrado e teste de Mann-Whitney foram utilizados para as análises (α=0,05). Resultados: Os grupos foram semelhantes quanto à idade, sexo e nível de exercício físico (p&gt;0,05). Houve diferença estatisticamente significativa entre os grupos para todas as variáveis do PAH (0,001≤p≤0,011). Conclusão: Indivíduos pós-AVC apresentaram piores pontuações ou classificações quando comparados a indivíduos saudáveis pareados para todos os desfechos do PAH relacionados ao nível de atividade física. </subfield>
</datafield>
<datafield tag="260" ind1=" " ind2=" ">
<subfield code="b">Faculdade de Medicina, Universidade de São Paulo</subfield>
</datafield>
<dataField tag="260" ind1=" " ind2=" ">
<subfield code="c">2017-06-30 00:00:00</subfield>
</dataField>   <datafield tag="856" ind1=" " ind2=" ">
<subfield code="q">application/pdf</subfield>
</datafield>
<datafield tag="856" ind1=" " ind2=" ">
<subfield code="q">application/pdf</subfield>
</datafield>
<datafield tag="856" ind1="4" ind2="0">
<subfield code="u">https://www.revistas.usp.br/actafisiatrica/article/view/153470</subfield>
</datafield>  <datafield tag="786" ind1="0" ind2=" ">
<subfield code="n">Acta Fisiátrica; v. 24 n. 2 (2017)</subfield>
</datafield>  <datafield tag="546" ind1=" " ind2=" ">
<subfield code="a">por</subfield>
</datafield>   <datafield tag="540" ind1=" " ind2=" ">
<subfield code="a">Copyright (c) 2017 Acta Fisiátrica</subfield>
</datafield>
</record>
</metadata>
</record>