
<record>
<header>
<identifier>oai:revistas.usp.br:article/153490</identifier>
<datestamp>2019-09-23T15:03:29Z</datestamp>
<setSpec>actafisiatrica:Art.+Orig.</setSpec>
<setSpec>driver</setSpec>
</header>
<metadata>
<record xmlns="http://www.loc.gov/MARC21/slim" xmlns:xsi="http://www.w3.org/2001/XMLSchema-instance" xsi:schemaLocation="http://www.loc.gov/MARC21/slim http://www.loc.gov/standards/marcxml/schema/MARC21slim.xsd">
<leader>     nmb a2200000Iu 4500</leader>
<controlfield tag="008">"170630 2017                        eng  "</controlfield>
<datafield tag="022" ind1="#" ind2="#">
<subfield code="$a">2317-0190</subfield>
</datafield>
<datafield tag="022" ind1="#" ind2="#">
<subfield code="$a">0104-7795</subfield>
</datafield>
<datafield tag="042" ind1=" " ind2=" ">
<subfield code="a">dc</subfield>
</datafield>
<datafield tag="245" ind1="0" ind2="0">
<subfield code="a">Estresse infantil e a percepção do suporte familiar das crianças submetidas à cirurgia ortopédica</subfield>
</datafield>  <datafield tag="720" ind1="1" ind2=" ">
<subfield code="a">Nakao, Gabriella Ribeiro</subfield>
<subfield code="u">Associação de Assistência à Criança Deficiente - AACD</subfield></datafield>
<datafield tag="720" ind1="1" ind2=" ">
<subfield code="a">Ito, Paula Hiromi</subfield>
<subfield code="u">Associação de Assistência à Criança Deficiente - AACD</subfield></datafield>
<datafield tag="720" ind1="1" ind2=" ">
<subfield code="a">Pontes, Rafael Oliveira</subfield>
<subfield code="u">Associação de Assistência à Criança Deficiente - AACD</subfield></datafield>
<datafield tag="720" ind1="1" ind2=" ">
<subfield code="a">Costa, Regina Célia Villa</subfield>
<subfield code="u">Associação de Assistência à Criança Deficiente - AACD</subfield></datafield>
<datafield tag="520" ind1=" " ind2=" ">
<subfield code="a"> Objetivo: Investigar a correlação existente entre o nível de estresse de crianças pós-operadas, de 11 a 14 anos de idade, em relação à qualidade da percepção destes pacientes sobre o suporte familiar recebido durante o processo de reabilitação física. Método: Trata-se de um estudo transversal, com análise qualitativa e quantitativa, desenvolvido em um centro de reabilitação, no município de São Paulo. Os instrumentos aplicados nos pacientes foram: Escala de Stress Infantil (ESI), Inventário de Percepção do Suporte Familiar (IPSF) e no respectivo cuidador, um questionário de caracterização dos participantes. Resultados: Os dados foram analisados estatisticamente e se observou significância estatística entre o fator Adaptação (IPSF) com a dimensão Reações psicológicas com componente depressivo (ESI). Houve associação significativa entre o escore total da ESI e do IPSF. Neste estudo, das crianças com sinais significativos de estresse, a maioria apresentou baixa/ médio-baixa percepção do suporte familiar. Discussão: A percepção do paciente sobre o meio pelo qual se relaciona é um importante indício do enfrentamento às situações adversas vividas no meio social, conforme associação encontrada neste estudo. Conclusão: Os aspectos relacionados à maturidade cognitiva e emocionais da criança contribuem na qualidade da percepção do suporte familiar. É importante que novos estudos sejam realizados para ampliar as discussões nessa área </subfield>
</datafield>
<datafield tag="260" ind1=" " ind2=" ">
<subfield code="b">Faculdade de Medicina, Universidade de São Paulo</subfield>
</datafield>
<dataField tag="260" ind1=" " ind2=" ">
<subfield code="c">2017-06-30 00:00:00</subfield>
</dataField>   <datafield tag="856" ind1=" " ind2=" ">
<subfield code="q">application/pdf</subfield>
</datafield>
<datafield tag="856" ind1=" " ind2=" ">
<subfield code="q">application/pdf</subfield>
</datafield>
<datafield tag="856" ind1="4" ind2="0">
<subfield code="u">https://www.revistas.usp.br/actafisiatrica/article/view/153490</subfield>
</datafield>  <datafield tag="786" ind1="0" ind2=" ">
<subfield code="n">Acta Fisiátrica; v. 24 n. 2 (2017)</subfield>
</datafield>  <datafield tag="546" ind1=" " ind2=" ">
<subfield code="a">por</subfield>
</datafield>   <datafield tag="540" ind1=" " ind2=" ">
<subfield code="a">Copyright (c) 2017 Acta Fisiátrica</subfield>
</datafield>
</record>
</metadata>
</record>