
<record>
<header>
<identifier>oai:revistas.usp.br:article/153527</identifier>
<datestamp>2019-09-23T18:12:57Z</datestamp>
<setSpec>actafisiatrica:Art.+Orig.</setSpec>
<setSpec>driver</setSpec>
</header>
<metadata>
<record xmlns="http://www.loc.gov/MARC21/slim" xmlns:xsi="http://www.w3.org/2001/XMLSchema-instance" xsi:schemaLocation="http://www.loc.gov/MARC21/slim http://www.loc.gov/standards/marcxml/schema/MARC21slim.xsd">
<leader>     nmb a2200000Iu 4500</leader>
<controlfield tag="008">"170630 2017                        eng  "</controlfield>
<datafield tag="022" ind1="#" ind2="#">
<subfield code="$a">2317-0190</subfield>
</datafield>
<datafield tag="022" ind1="#" ind2="#">
<subfield code="$a">0104-7795</subfield>
</datafield>
<datafield tag="042" ind1=" " ind2=" ">
<subfield code="a">dc</subfield>
</datafield>
<datafield tag="245" ind1="0" ind2="0">
<subfield code="a">Barreiras da reabilitação cardíaca em uma cidade do nordeste do Brasil</subfield>
</datafield>  <datafield tag="720" ind1="1" ind2=" ">
<subfield code="a">Santos, Luciano Sá Teles de Almeida</subfield>
</datafield>
<datafield tag="720" ind1="1" ind2=" ">
<subfield code="a">Gomes, Emanuella</subfield>
</datafield>
<datafield tag="720" ind1="1" ind2=" ">
<subfield code="a">Vilaronga, Júlia</subfield>
</datafield>
<datafield tag="720" ind1="1" ind2=" ">
<subfield code="a">Nunes, Walleska</subfield>
</datafield>
<datafield tag="720" ind1="1" ind2=" ">
<subfield code="a">Santos, Alan Carlos Nery</subfield>
<subfield code="u">Universidade Salvador - UNIFACS</subfield></datafield>
<datafield tag="720" ind1="1" ind2=" ">
<subfield code="a">Almeida, Fernanda Oliveira Baptista</subfield>
</datafield>
<datafield tag="720" ind1="1" ind2=" ">
<subfield code="a">Petto, Jefferson</subfield>
<subfield code="u">Faculdade Social da Bahia - FSBA</subfield><subfield code="0">https://orcid.org/0000-0002-5748-2675</subfield></datafield>
<datafield tag="520" ind1=" " ind2=" ">
<subfield code="a"> Averiguar as barreiras por regiões do Brasil, pode ser uma valiosa estratégia para melhorar a inserção e adesão dos pacientes cardiopatas a programas de reabilitação cardiovascular. Objetivo: Identificar e descrever os motivos que levam a não inclusão de indivíduos cardiopatas em programas de reabilitação cardiovascular. Métodos: Estudo descritivo de corte transversal com 79 indivíduos de ambos sexos, com idade superior a 50 anos, cardiopatas provenientes de cinco clínicas particulares de cardiologia. Para identificação dos fatores que interferiam na inclusão dos pacientes aos programas de reabilitação cardiovascular, foi aplicada a escala de barreiras para reabilitação cardíaca. Esse instrumento é composto de 22 itens, sendo que 21 são questões fechadas e objetivas. Os indivíduos foram instruídos a assinalar &quot;SIM&quot; ou &quot;NÃO&quot; para cada item objetivo da escala, caso identificassem o item como uma barreira ou não para a inclusão/adesão. Resultados: 64(81%) da amostra não sabia da existência da reabilitação cardiovascular e dos seus benefícios. Para 50(63%) a distância da residência até o centro de reabilitação foi uma barreira. Além disso, o custo com mobilidade urbana 37 (47%) e a não indicação do médico por achar desnecessário 32 (40%) também foram apontadas como barreiras. Conclusão: Os resultados deste estudo indicam que as principais bramireis para a não inserção em programas de reabilitação cardiovascular foram a falta de conhecimento sobre os benefícios desse tipo de programa, a distância da residência dos pacientes até o centro mais próximo e o custo com deslocamento. </subfield>
</datafield>
<datafield tag="260" ind1=" " ind2=" ">
<subfield code="b">Faculdade de Medicina, Universidade de São Paulo</subfield>
</datafield>
<dataField tag="260" ind1=" " ind2=" ">
<subfield code="c">2017-06-30 00:00:00</subfield>
</dataField>   <datafield tag="856" ind1=" " ind2=" ">
<subfield code="q">application/pdf</subfield>
</datafield>
<datafield tag="856" ind1=" " ind2=" ">
<subfield code="q">application/pdf</subfield>
</datafield>
<datafield tag="856" ind1="4" ind2="0">
<subfield code="u">https://www.revistas.usp.br/actafisiatrica/article/view/153527</subfield>
</datafield>  <datafield tag="786" ind1="0" ind2=" ">
<subfield code="n">Acta Fisiátrica; v. 24 n. 2 (2017)</subfield>
</datafield>  <datafield tag="546" ind1=" " ind2=" ">
<subfield code="a">por</subfield>
</datafield>   <datafield tag="540" ind1=" " ind2=" ">
<subfield code="a">Copyright (c) 2017 Acta Fisiátrica</subfield>
</datafield>
</record>
</metadata>
</record>