
<record>
<header>
<identifier>oai:revistas.usp.br:article/153538</identifier>
<datestamp>2019-09-23T15:17:13Z</datestamp>
<setSpec>actafisiatrica:Art.+Orig.</setSpec>
<setSpec>driver</setSpec>
</header>
<metadata>
<record xmlns="http://www.loc.gov/MARC21/slim" xmlns:xsi="http://www.w3.org/2001/XMLSchema-instance" xsi:schemaLocation="http://www.loc.gov/MARC21/slim http://www.loc.gov/standards/marcxml/schema/MARC21slim.xsd">
<leader>     nmb a2200000Iu 4500</leader>
<controlfield tag="008">"170630 2017                        eng  "</controlfield>
<datafield tag="022" ind1="#" ind2="#">
<subfield code="$a">2317-0190</subfield>
</datafield>
<datafield tag="022" ind1="#" ind2="#">
<subfield code="$a">0104-7795</subfield>
</datafield>
<datafield tag="042" ind1=" " ind2=" ">
<subfield code="a">dc</subfield>
</datafield>
<datafield tag="245" ind1="0" ind2="0">
<subfield code="a">Desempenho isocinético dos músculos do joelho de atletas de futsal durante a pré-temporada e o meio de temporada</subfield>
</datafield>  <datafield tag="720" ind1="1" ind2=" ">
<subfield code="a">Stedile, Augusto Rech</subfield>
</datafield>
<datafield tag="720" ind1="1" ind2=" ">
<subfield code="a">Pasqualotto, Lidiane Aparecida</subfield>
</datafield>
<datafield tag="720" ind1="1" ind2=" ">
<subfield code="a">Tadiello, Gerson Saciloto</subfield>
<subfield code="u">Universidade de Caxias do Sul - UCS</subfield></datafield>
<datafield tag="720" ind1="1" ind2=" ">
<subfield code="a">Finger, André Luis Temp</subfield>
<subfield code="u">Faculdade Cenecista de Bento Gonçalves - CNEC</subfield></datafield>
<datafield tag="720" ind1="1" ind2=" ">
<subfield code="a">Marchi, Thiago de</subfield>
<subfield code="u">Faculdade Cenecista de Bento Gonçalves - CNEC</subfield></datafield>
<datafield tag="720" ind1="1" ind2=" ">
<subfield code="a">Bonetti, Leandro Viçosa</subfield>
<subfield code="u">Universidade de Caxias do Sul - UCS</subfield></datafield>
<datafield tag="520" ind1=" " ind2=" ">
<subfield code="a"> O futsal é um esporte de múltiplos sprints, com constantes mudanças de direção, de velocidade e chutes. Além disso, as demandas impostas aos atletas durante uma temporada regular podem resultar em desequilíbrios musculares entre os membros e entre os músculos extensores e flexores do joelho, consequentemente, diminuindo a performance muscular e aumentando o risco de lesões nos atletas. Objetivo: Analisar as diferenças bilaterais; e o impacto de uma temporada regular na força dos músculos do joelho e as relações entre os músculos extensores e flexores. Método: As informações provenientes de um banco de dados sobre as avaliações de pré-temporada e meio de temporada de 15 atletas profissionais de futsal do sexo masculino foram analisadas. O dinamômetro isocinético foi utilizado no modo concêntrico-concêntrico para avaliar os músculos extensores e flexores do joelho nas velocidades angulares de 60º/s, 120º/s, 180º/s e 240º/s. Resultados: Não foram encontradas diferenças significativas nos valores de pico de torque (PT) dos extensores e flexores do joelho e na razão flexores/extensores na comparação entre os membros quando comparados na mesma avaliação e velocidade angular. Entretanto, os valores de PT da avaliação do meio de temporada mostraram-se, em sua maioria, significativamente maiores quando comparados às avaliações de pré-temporada. Conclusão: Estes achados indicam que o treinamento prescrito durante a temporada foram adequados, permitindo aos atletas o aumento da força muscular e evitando desequilíbrios musculares. </subfield>
</datafield>
<datafield tag="260" ind1=" " ind2=" ">
<subfield code="b">Faculdade de Medicina, Universidade de São Paulo</subfield>
</datafield>
<dataField tag="260" ind1=" " ind2=" ">
<subfield code="c">2017-06-30 00:00:00</subfield>
</dataField>   <datafield tag="856" ind1=" " ind2=" ">
<subfield code="q">application/pdf</subfield>
</datafield>
<datafield tag="856" ind1=" " ind2=" ">
<subfield code="q">application/pdf</subfield>
</datafield>
<datafield tag="856" ind1="4" ind2="0">
<subfield code="u">https://www.revistas.usp.br/actafisiatrica/article/view/153538</subfield>
</datafield>  <datafield tag="786" ind1="0" ind2=" ">
<subfield code="n">Acta Fisiátrica; v. 24 n. 2 (2017)</subfield>
</datafield>  <datafield tag="546" ind1=" " ind2=" ">
<subfield code="a">por</subfield>
</datafield>   <datafield tag="540" ind1=" " ind2=" ">
<subfield code="a">Copyright (c) 2017 Acta Fisiátrica</subfield>
</datafield>
</record>
</metadata>
</record>