
<record>
<header>
<identifier>oai:revistas.usp.br:article/153580</identifier>
<datestamp>2019-09-23T16:36:37Z</datestamp>
<setSpec>actafisiatrica:Art.+Orig.</setSpec>
<setSpec>driver</setSpec>
</header>
<metadata>
<record xmlns="http://www.loc.gov/MARC21/slim" xmlns:xsi="http://www.w3.org/2001/XMLSchema-instance" xsi:schemaLocation="http://www.loc.gov/MARC21/slim http://www.loc.gov/standards/marcxml/schema/MARC21slim.xsd">
<leader>     nmb a2200000Iu 4500</leader>
<controlfield tag="008">"170630 2017                        eng  "</controlfield>
<datafield tag="022" ind1="#" ind2="#">
<subfield code="$a">2317-0190</subfield>
</datafield>
<datafield tag="022" ind1="#" ind2="#">
<subfield code="$a">0104-7795</subfield>
</datafield>
<datafield tag="042" ind1=" " ind2=" ">
<subfield code="a">dc</subfield>
</datafield>
<datafield tag="245" ind1="0" ind2="0">
<subfield code="a">Comparação entre alterações eletrofisiológicas e ganhos funcionais de pacientes com síndrome de Guillain Barré internados no Centro de Reabilitação e Readaptação Dr. Henrique Santillo (CRER)</subfield>
</datafield>  <datafield tag="720" ind1="1" ind2=" ">
<subfield code="a">Melo Neto, Cícero Soares</subfield>
<subfield code="u">Centro de Reabilitação e Readaptação Dr. Henrique Santillo - CRER</subfield></datafield>
<datafield tag="720" ind1="1" ind2=" ">
<subfield code="a">Jácomo, Juliana Lima</subfield>
<subfield code="u">Pontifícia Universidade Católica de Goiás</subfield></datafield>
<datafield tag="720" ind1="1" ind2=" ">
<subfield code="a">Moreira, Rickella Aparecida Alves</subfield>
<subfield code="u">Universidade Federal de Goiás - UFG</subfield></datafield>
<datafield tag="720" ind1="1" ind2=" ">
<subfield code="a">Pedroso, João Henrique Vieira</subfield>
<subfield code="u">Universidade Federal de Goiás - UFG</subfield></datafield>
<datafield tag="720" ind1="1" ind2=" ">
<subfield code="a">Ferreira, Joenice Almeida</subfield>
<subfield code="u">Universidade Federal de Goiás - UFG</subfield></datafield>
<datafield tag="720" ind1="1" ind2=" ">
<subfield code="a">Medeiros, Rodrigo Parente</subfield>
<subfield code="u">Centro de Reabilitação e Readaptação Dr. Henrique Santillo - CRER</subfield></datafield>
<datafield tag="520" ind1=" " ind2=" ">
<subfield code="a"> Polirradiculopatia inflamatória, aguda, de caráter progressivo, a Síndrome de Guillain Barré normalmente acontece pós exposição a um agente infeccioso, ou a um estímulo, desencadeando o comprometimento dos motoneurônios periféricos. Objetivo: Comparar alterações eletrofisiológicas com ganhos funcionais na SGB, observando a relação entre prognóstico e alteração no exame eletroneuromiográfico e verificando a condição dos pacientes após um ano do início do quadro clínico. Métodos: Revisão de prontuários dos pacientes atendidos no Centro de Reabilitação e Readaptação Dr. Henrique Santillo - CRER, no período de 2008 a 2014. Resultados: Inicialmente localizados quarenta e oito casos, destes apenas dezenove, inicialmente, foram selecionados por terem estado internados no CRER no período selecionado para o estudo, houve exclusão de um paciente por não constar em prontuário o resultado da eletroneuromiografia, permanecendo na pesquisa, então, dezoito pacientes. Conclusão: A reabilitação tem um papel fundamental no resultado final e cuidados ao longo prazo em pacientes que tiveram SGB, sendo um trabalho diferenciado a internação em centro de reabilitação melhorando a capacidade de diminuir os danos causados pela doença, independente dos déficits funcionais adquiridos. Os dados apontaram que os ganhos funcionais ao longo de um ano após início da doença, não têm relação direta com o que é encontrado no exame eletroneuromiográfico. </subfield>
</datafield>
<datafield tag="260" ind1=" " ind2=" ">
<subfield code="b">Faculdade de Medicina, Universidade de São Paulo</subfield>
</datafield>
<dataField tag="260" ind1=" " ind2=" ">
<subfield code="c">2017-06-30 00:00:00</subfield>
</dataField>   <datafield tag="856" ind1=" " ind2=" ">
<subfield code="q">application/pdf</subfield>
</datafield>
<datafield tag="856" ind1=" " ind2=" ">
<subfield code="q">application/pdf</subfield>
</datafield>
<datafield tag="856" ind1="4" ind2="0">
<subfield code="u">https://www.revistas.usp.br/actafisiatrica/article/view/153580</subfield>
</datafield>  <datafield tag="786" ind1="0" ind2=" ">
<subfield code="n">Acta Fisiátrica; v. 24 n. 2 (2017)</subfield>
</datafield>  <datafield tag="546" ind1=" " ind2=" ">
<subfield code="a">por</subfield>
</datafield>   <datafield tag="540" ind1=" " ind2=" ">
<subfield code="a">Copyright (c) 2017 Acta Fisiátrica</subfield>
</datafield>
</record>
</metadata>
</record>