
<record>
<header>
<identifier>oai:revistas.usp.br:article/153634</identifier>
<datestamp>2019-09-23T16:42:08Z</datestamp>
<setSpec>actafisiatrica:Art.+Orig.</setSpec>
<setSpec>driver</setSpec>
</header>
<metadata>
<record xmlns="http://www.loc.gov/MARC21/slim" xmlns:xsi="http://www.w3.org/2001/XMLSchema-instance" xsi:schemaLocation="http://www.loc.gov/MARC21/slim http://www.loc.gov/standards/marcxml/schema/MARC21slim.xsd">
<leader>     nmb a2200000Iu 4500</leader>
<controlfield tag="008">"170630 2017                        eng  "</controlfield>
<datafield tag="022" ind1="#" ind2="#">
<subfield code="$a">2317-0190</subfield>
</datafield>
<datafield tag="022" ind1="#" ind2="#">
<subfield code="$a">0104-7795</subfield>
</datafield>
<datafield tag="042" ind1=" " ind2=" ">
<subfield code="a">dc</subfield>
</datafield>
<datafield tag="245" ind1="0" ind2="0">
<subfield code="a">Funcionalidade na doença de Alzheimer leve, moderada e grave: um estudo transversal</subfield>
</datafield>  <datafield tag="720" ind1="1" ind2=" ">
<subfield code="a">Haskel, Maria Vaitsa Loch</subfield>
<subfield code="u">Universidade Estadual do Centro Oeste - UNICENTRO</subfield></datafield>
<datafield tag="720" ind1="1" ind2=" ">
<subfield code="a">Bonini, Juliana Sartori</subfield>
<subfield code="u">Universidade Estadual do Centro Oeste - UNICENTRO</subfield></datafield>
<datafield tag="720" ind1="1" ind2=" ">
<subfield code="a">Santos, Suzane Cristina</subfield>
<subfield code="u">Universidade Estadual do Centro Oeste - UNICENTRO</subfield></datafield>
<datafield tag="720" ind1="1" ind2=" ">
<subfield code="a">Silva, Weber Cláudio Francisco Nunes</subfield>
</datafield>
<datafield tag="720" ind1="1" ind2=" ">
<subfield code="a">Bueno, Camilla Fagundes de Oliveira</subfield>
<subfield code="u">Clínica Dominos Guarapuava</subfield></datafield>
<datafield tag="720" ind1="1" ind2=" ">
<subfield code="a">Bortolanza, Marciane Conti Zornita</subfield>
<subfield code="u">Associação de Estudos, Pesquisa e Auxílio as Pessoas com Alzheimer - AEPAPA</subfield></datafield>
<datafield tag="720" ind1="1" ind2=" ">
<subfield code="a">Daniel, Christiane Riedi</subfield>
<subfield code="u">Universidade Estadual do Centro Oeste - UNICENTRO</subfield><subfield code="0">https://orcid.org/0000-0002-2282-1358</subfield></datafield>
<datafield tag="520" ind1=" " ind2=" ">
<subfield code="a"> Objetivo: Avaliar a funcionalidade de pacientes com Doença de Alzheimer (DA) residentes na comunidade, no município de Guarapuava - PR, região Sul do Brasil. Métodos: Foi realizado um estudo transversal, com pacientes com DA residentes na comunidade, no município de Guarapuava - PR. Os participantes foram classificados de acordo com a Escala Clínica de Demência em CDR 1 (DA leve), CDR 2 (DA moderada) e CDR 3 (DA severa). O estado mental foi avaliado através do Mini Exame do Estado Mental; as atividades básicas de vida diária (ABVD) através do Índice de Barthel e as atividades instrumentais de vida diária (AIVD) através do Índice de Lowton e Brody. Resultados: Foram avaliados 58 idosos com diagnóstico de DA, dos quais 14 (24,1%) estavam em CDR 1, 21 (36,2%) em CDR 2 e 23 (39,7%) em CDR 3. Houve diferença significativa entre os níveis de dependência para a realização das ABVD e AIVD entre todas as fases da DA (p &lt;0,001), sendo que a dependência foi maior nos participantes estadeados em CDR 2 e CDR 3. Conclusão: O nível de dependência para a realização das atividades básicas e instrumentais de vida diária é maior nas fases mais avançadas da DA e a dependência para a realização das AIVD está presente em todas as fases da doença, sendo maior do que a dependência para a realização das ABVD desde a fase inicial da DA, sugerindo uma perda progressiva da funcionalidade. </subfield>
</datafield>
<datafield tag="260" ind1=" " ind2=" ">
<subfield code="b">Faculdade de Medicina, Universidade de São Paulo</subfield>
</datafield>
<dataField tag="260" ind1=" " ind2=" ">
<subfield code="c">2017-06-30 00:00:00</subfield>
</dataField>   <datafield tag="856" ind1=" " ind2=" ">
<subfield code="q">application/pdf</subfield>
</datafield>
<datafield tag="856" ind1="4" ind2="0">
<subfield code="u">https://www.revistas.usp.br/actafisiatrica/article/view/153634</subfield>
</datafield>  <datafield tag="786" ind1="0" ind2=" ">
<subfield code="n">Acta Fisiátrica; v. 24 n. 2 (2017)</subfield>
</datafield>  <datafield tag="546" ind1=" " ind2=" ">
<subfield code="a">por</subfield>
</datafield>   <datafield tag="540" ind1=" " ind2=" ">
<subfield code="a">Copyright (c) 2017 Acta Fisiátrica</subfield>
</datafield>
</record>
</metadata>
</record>