
<record>
<header>
<identifier>oai:revistas.usp.br:article/153636</identifier>
<datestamp>2019-09-23T17:08:11Z</datestamp>
<setSpec>actafisiatrica:Art.+Orig.</setSpec>
<setSpec>driver</setSpec>
</header>
<metadata>
<record xmlns="http://www.loc.gov/MARC21/slim" xmlns:xsi="http://www.w3.org/2001/XMLSchema-instance" xsi:schemaLocation="http://www.loc.gov/MARC21/slim http://www.loc.gov/standards/marcxml/schema/MARC21slim.xsd">
<leader>     nmb a2200000Iu 4500</leader>
<controlfield tag="008">"170630 2017                        eng  "</controlfield>
<datafield tag="022" ind1="#" ind2="#">
<subfield code="$a">2317-0190</subfield>
</datafield>
<datafield tag="022" ind1="#" ind2="#">
<subfield code="$a">0104-7795</subfield>
</datafield>
<datafield tag="042" ind1=" " ind2=" ">
<subfield code="a">dc</subfield>
</datafield>
<datafield tag="245" ind1="0" ind2="0">
<subfield code="a">Papel da reabilitação com realidade virtual na capacidade funcional e qualidade de vida de indivíduos com doença de Parkinson</subfield>
</datafield>  <datafield tag="720" ind1="1" ind2=" ">
<subfield code="a">Fontoura, Vanessa Carla Bezerra</subfield>
<subfield code="u">Centro Universitário Maurício de Nassau - UNINASSAU</subfield></datafield>
<datafield tag="720" ind1="1" ind2=" ">
<subfield code="a">Macêdo, João Gabriel Figuêredo</subfield>
<subfield code="u">Centro Universitário Maurício de Nassau - UNINASSAU</subfield></datafield>
<datafield tag="720" ind1="1" ind2=" ">
<subfield code="a">Silva, Liliane Pereira</subfield>
<subfield code="u">Universidade Federal de Pernambuco - UFPE</subfield></datafield>
<datafield tag="720" ind1="1" ind2=" ">
<subfield code="a">Silva, Ivson Bezerra</subfield>
<subfield code="u">Universidade Federal de Paraíba - UFPB</subfield></datafield>
<datafield tag="720" ind1="1" ind2=" ">
<subfield code="a">Coriolano, Maria Graças Wanderley de Sales</subfield>
<subfield code="u">Universidade Federal de Pernambuco - UFPE</subfield></datafield>
<datafield tag="720" ind1="1" ind2=" ">
<subfield code="a">Monteiro, Douglas</subfield>
<subfield code="u">Centro Universitário Maurício de Nassau - UNINASSAU</subfield></datafield>
<datafield tag="520" ind1=" " ind2=" ">
<subfield code="a"> A doença de Parkinson (DP) é uma patologia neurodegenerativa e progressiva podendo causar algumas limitações motoras que, por sua vez, podem impactar negativamente na qualidade de vida (QV) de indivíduos com DP. A realidade virtual (RV) vem sendo utilizada como tratamento destes pacientes. Objetivo: Avaliar a capacidade funcional e a QV de indivíduos com DP submetidos à RV com X-Box Kinect®. Método: Foram selecionados 20 indivíduos entre 50 a 80 anos, nos estágios 1 a 3 da doença. Divididos através de sorteio em dois grupos, o controle (GC) e o experimental (GE). O GC tratado com fisioterapia convencional, no período de cinco semanas, com duas sessões semanais de 60 minutos, enquanto o GE passou a metade do tempo com fisioterapia convencional e a outra metade realizou a RV. Os indivíduos foram submetidos a avaliações antes e após o tratamento através das seguintes escalas: UPDRS e PDQ-39. Resultados: Encontrou-se redução nos escores de todos os domínios da UPDRS e do PDQ-39 de ambos os grupos, sendo significativo apenas no grupo da GE. Conclusão: A RV aliada à fisioterapia é um método eficiente, influenciando no aspecto clínico e melhora da QV de indivíduos com DP. </subfield>
</datafield>
<datafield tag="260" ind1=" " ind2=" ">
<subfield code="b">Faculdade de Medicina, Universidade de São Paulo</subfield>
</datafield>
<dataField tag="260" ind1=" " ind2=" ">
<subfield code="c">2017-06-30 00:00:00</subfield>
</dataField>   <datafield tag="856" ind1=" " ind2=" ">
<subfield code="q">application/pdf</subfield>
</datafield>
<datafield tag="856" ind1=" " ind2=" ">
<subfield code="q">application/pdf</subfield>
</datafield>
<datafield tag="856" ind1="4" ind2="0">
<subfield code="u">https://www.revistas.usp.br/actafisiatrica/article/view/153636</subfield>
</datafield>  <datafield tag="786" ind1="0" ind2=" ">
<subfield code="n">Acta Fisiátrica; v. 24 n. 2 (2017)</subfield>
</datafield>  <datafield tag="546" ind1=" " ind2=" ">
<subfield code="a">por</subfield>
</datafield>   <datafield tag="540" ind1=" " ind2=" ">
<subfield code="a">Copyright (c) 2017 Acta Fisiátrica</subfield>
</datafield>
</record>
</metadata>
</record>