
<record>
<header>
<identifier>oai:revistas.usp.br:article/153637</identifier>
<datestamp>2019-09-23T18:19:53Z</datestamp>
<setSpec>actafisiatrica:Art.+Rev.</setSpec>
<setSpec>driver</setSpec>
</header>
<metadata>
<record xmlns="http://www.loc.gov/MARC21/slim" xmlns:xsi="http://www.w3.org/2001/XMLSchema-instance" xsi:schemaLocation="http://www.loc.gov/MARC21/slim http://www.loc.gov/standards/marcxml/schema/MARC21slim.xsd">
<leader>     nmb a2200000Iu 4500</leader>
<controlfield tag="008">"170630 2017                        eng  "</controlfield>
<datafield tag="022" ind1="#" ind2="#">
<subfield code="$a">2317-0190</subfield>
</datafield>
<datafield tag="022" ind1="#" ind2="#">
<subfield code="$a">0104-7795</subfield>
</datafield>
<datafield tag="042" ind1=" " ind2=" ">
<subfield code="a">dc</subfield>
</datafield>
<datafield tag="245" ind1="0" ind2="0">
<subfield code="a">Teste de caminhada de seis minutos em pediatria: discutindo evidências em situações específicas</subfield>
</datafield>  <datafield tag="720" ind1="1" ind2=" ">
<subfield code="a">Parazzi, Paloma Lopes Francisco</subfield>
<subfield code="u">Universidade Estadual de Campinas - UNICAMP</subfield><subfield code="0">https://orcid.org/0000-0002-7072-603X</subfield></datafield>
<datafield tag="720" ind1="1" ind2=" ">
<subfield code="a">Okuro, Renata Tiemi</subfield>
<subfield code="u">Universidade Federal do Rio de Janeiro - UFRJ</subfield></datafield>
<datafield tag="720" ind1="1" ind2=" ">
<subfield code="a">Ribeiro, José Dirceu</subfield>
<subfield code="u">Universidade Estadual de Campinas - UNICAMP</subfield></datafield>
<datafield tag="720" ind1="1" ind2=" ">
<subfield code="a">Ribeiro, Maria Ângela Gonçalves de Oliveira</subfield>
<subfield code="u">Universidade Estadual de Campinas - UNICAMP</subfield></datafield>
<datafield tag="720" ind1="1" ind2=" ">
<subfield code="a">Basso-Vanelli, Renata Pedrolongo</subfield>
<subfield code="u">Universidade Federal de São Carlos -UFSCar</subfield></datafield>
<datafield tag="720" ind1="1" ind2=" ">
<subfield code="a">Schivinski, Camila Isabel Santos</subfield>
<subfield code="u">Universidade do Estado de Santa Catarina - UDESC</subfield><subfield code="0">https://orcid.org/0000-0002-6139-9727</subfield></datafield>
<datafield tag="520" ind1=" " ind2=" ">
<subfield code="a"> Teste de caminhada de seis minutos (TC6) tem se mostrado uma ferramenta bem tolerada, confiável e de baixo custo para monitorar a capacidade funcional de crianças e adolescentes saudáveis e em diferentes situações clínicas. Objetivo: Verificar e discutir as evidências científicas do TC6 utilizado em 4 situações específicas da criança com: 1) asma; 2) fibrose cística 3) obesidade e 4) higidez. Método: A busca nas bases de dados foi conduzida utilizando-se as palavras-chaves: teste de caminhada de seis minutos, crianças, adolescentes, obesos, fibrose cística e asma. Consultou-se as bases Pubmed (Medline), Lilacs e PEDro. Foram considerados os ensaios clínicos em português, inglês e espanhol, publicados no período de 2005 a 2016 e incluídos os estudos que abordam o TC6como método de avaliação, monitorização e prognóstico de crianças e adolescentes saudáveis, com diagnósticos de asma, fibrose cística e obesidade. Resultados: Identificou-se 97 artigos, sendo 48 duplicados. Conduziu-se a pré-seleção de 43 estudos dos quais 6foram excluídos, pelo título ou resumo, por não atenderem aos critérios de inclusão. A seleção final totalizou 39 manuscritos para a apreciação na íntegra e discussão na presente revisão. Conclusão: TC6 é reprodutível e validado para a população pediátrica, sendo considerado um instrumento importante para avaliar as implicações das doenças crônicas na capacidade funcional. 1) TC6 tem se mostrado útil pra identificação do prejuízo das atividades de vida diária durante a crise de asma e fora dela, assim como do comprometimento da capacidade funcional diante do hábito de vida sedentário. 2) É adequado para avaliação de programas de reeducação alimentar na obesidade. 3) Na fibrose cística é uma boa ferramenta para avaliação de programas de reabilitação pulmonar e acompanhamento da progressão da doença. 4) Entre os saudáveis observa-se a busca por valores de referência e falta de um consenso sobre a forma de aplicabilidade do teste. </subfield>
</datafield>
<datafield tag="260" ind1=" " ind2=" ">
<subfield code="b">Faculdade de Medicina, Universidade de São Paulo</subfield>
</datafield>
<dataField tag="260" ind1=" " ind2=" ">
<subfield code="c">2017-06-30 00:00:00</subfield>
</dataField>   <datafield tag="856" ind1=" " ind2=" ">
<subfield code="q">application/pdf</subfield>
</datafield>
<datafield tag="856" ind1="4" ind2="0">
<subfield code="u">https://www.revistas.usp.br/actafisiatrica/article/view/153637</subfield>
</datafield>  <datafield tag="786" ind1="0" ind2=" ">
<subfield code="n">Acta Fisiátrica; v. 24 n. 2 (2017)</subfield>
</datafield>  <datafield tag="546" ind1=" " ind2=" ">
<subfield code="a">por</subfield>
</datafield>   <datafield tag="540" ind1=" " ind2=" ">
<subfield code="a">Copyright (c) 2017 Acta Fisiátrica</subfield>
</datafield>
</record>
</metadata>
</record>