
<record>
<header>
<identifier>oai:revistas.usp.br:article/153639</identifier>
<datestamp>2019-09-23T17:14:28Z</datestamp>
<setSpec>actafisiatrica:Art.+Rev.</setSpec>
<setSpec>driver</setSpec>
</header>
<metadata>
<record xmlns="http://www.loc.gov/MARC21/slim" xmlns:xsi="http://www.w3.org/2001/XMLSchema-instance" xsi:schemaLocation="http://www.loc.gov/MARC21/slim http://www.loc.gov/standards/marcxml/schema/MARC21slim.xsd">
<leader>     nmb a2200000Iu 4500</leader>
<controlfield tag="008">"170630 2017                        eng  "</controlfield>
<datafield tag="022" ind1="#" ind2="#">
<subfield code="$a">2317-0190</subfield>
</datafield>
<datafield tag="022" ind1="#" ind2="#">
<subfield code="$a">0104-7795</subfield>
</datafield>
<datafield tag="042" ind1=" " ind2=" ">
<subfield code="a">dc</subfield>
</datafield>
<datafield tag="245" ind1="0" ind2="0">
<subfield code="a">Intervenções fisioterapêuticas utilizadas em pessoas amputadas de membros inferiores pré e pós-protetização: uma revisão sistemática</subfield>
</datafield>  <datafield tag="720" ind1="1" ind2=" ">
<subfield code="a">Vieira, Rafael Isac</subfield>
</datafield>
<datafield tag="720" ind1="1" ind2=" ">
<subfield code="a">Luz, Soraia Cristina Tonon</subfield>
<subfield code="u">Universidade do Estado de Santa Catarina - UDESC</subfield><subfield code="0">https://orcid.org/0000-0003-3691-8668</subfield></datafield>
<datafield tag="720" ind1="1" ind2=" ">
<subfield code="a">Santos, Kadine Priscila Bender</subfield>
<subfield code="u">Universidade Federal de Santa Catarina - UFSC</subfield></datafield>
<datafield tag="720" ind1="1" ind2=" ">
<subfield code="a">Gonçalvez Junior, Erádio</subfield>
<subfield code="u">Prefeitura Municipal de Florianópolis</subfield></datafield>
<datafield tag="720" ind1="1" ind2=" ">
<subfield code="a">Campos, Paloma Vanessa Coelho</subfield>
<subfield code="u">Faculdade de Educação São Francisco - FAESF</subfield></datafield>
<datafield tag="520" ind1=" " ind2=" ">
<subfield code="a"> Intervenções fisioterapêuticas no paciente amputado antes e após a colocação de uma prótese são utilizadas em diversos serviços de fisioterapia, no entanto, faz-se necessária a sistematização de evidências sobre protocolos para condução da reabilitação. Objetivo: Agregar evidências científicas para guiar a prática fisioterapêutica nas fases pré e pós protetização da pessoa amputada de membro inferior. Método: Realizou-se uma revisão sistemática durante os meses de agosto à dezembro de 2014 nas bases de dados: Lilacs, Medline, Pedro, Pubmed, Scielo e Cochrane. Selecionaram-se artigos publicados no período de 2000 até o primeiro semestre de 2014, utilizando unitermos em português, inglês e espanhol. Resultados: Seis artigos atenderam aos critérios de inclusão, sendo que apenas um esteve relacionado à fase pré-protetização destacando a intervenção: enfaixamento do coto. As demais intervenções referiram-se à fase pós-protetização como fortalecimentos musculares, treino aeróbio, funcional e de marcha. Conclusão: Foram encontrados poucos artigos com evidências científicas relacionadas às principais intervenções pré e pós protetização rotineiramente usadas pelo fisioterapeuta, o que dificulta o estabelecimento de protocolos e conclusões sobre a eficácia das terapêuticas comumente descritas. </subfield>
</datafield>
<datafield tag="260" ind1=" " ind2=" ">
<subfield code="b">Faculdade de Medicina, Universidade de São Paulo</subfield>
</datafield>
<dataField tag="260" ind1=" " ind2=" ">
<subfield code="c">2017-06-30 00:00:00</subfield>
</dataField>   <datafield tag="856" ind1=" " ind2=" ">
<subfield code="q">application/pdf</subfield>
</datafield>
<datafield tag="856" ind1=" " ind2=" ">
<subfield code="q">application/pdf</subfield>
</datafield>
<datafield tag="856" ind1="4" ind2="0">
<subfield code="u">https://www.revistas.usp.br/actafisiatrica/article/view/153639</subfield>
</datafield>  <datafield tag="786" ind1="0" ind2=" ">
<subfield code="n">Acta Fisiátrica; v. 24 n. 2 (2017)</subfield>
</datafield>  <datafield tag="546" ind1=" " ind2=" ">
<subfield code="a">por</subfield>
</datafield>   <datafield tag="540" ind1=" " ind2=" ">
<subfield code="a">Copyright (c) 2017 Acta Fisiátrica</subfield>
</datafield>
</record>
</metadata>
</record>