
<record>
<header>
<identifier>oai:revistas.usp.br:article/153640</identifier>
<datestamp>2020-07-18T08:19:01Z</datestamp>
<setSpec>actafisiatrica:Art.+Rev.</setSpec>
<setSpec>driver</setSpec>
</header>
<metadata>
<record xmlns="http://www.loc.gov/MARC21/slim" xmlns:xsi="http://www.w3.org/2001/XMLSchema-instance" xsi:schemaLocation="http://www.loc.gov/MARC21/slim http://www.loc.gov/standards/marcxml/schema/MARC21slim.xsd">
<leader>     nmb a2200000Iu 4500</leader>
<controlfield tag="008">"170630 2017                        eng  "</controlfield>
<datafield tag="022" ind1="#" ind2="#">
<subfield code="$a">2317-0190</subfield>
</datafield>
<datafield tag="022" ind1="#" ind2="#">
<subfield code="$a">0104-7795</subfield>
</datafield>
<datafield tag="042" ind1=" " ind2=" ">
<subfield code="a">dc</subfield>
</datafield>
<datafield tag="245" ind1="0" ind2="0">
<subfield code="a">Relação entre força e ativação da musculatura glútea e a estabilização dinâmica do joelho: revisão sistemática da literatura</subfield>
</datafield>  <datafield tag="720" ind1="1" ind2=" ">
<subfield code="a">Morais, Lucas Martins de</subfield>
<subfield code="u">Universidade Federal de Minas Gerais – UFMG</subfield></datafield>
<datafield tag="720" ind1="1" ind2=" ">
<subfield code="a">Faria, Christina Danielli Coelho de Morais</subfield>
<subfield code="u">Universidade Federal de Minas Gerais – UFMG</subfield><subfield code="0">https://orcid.org/0000-0001-9784-9729</subfield></datafield>
<datafield tag="520" ind1=" " ind2=" ">
<subfield code="a"> O joelho recebe, absorve e dissipa importante parte das forças impostas por atividades diárias, como marcha, subir e descer degraus e saltos. Dada a grande demanda imposta a esta articulação, as disfunções no joelho são muito comuns. A capacidade para responder a esta demanda parece estar relacionada com as funções da musculatura do quadril, que parece ter um papel importante nas características biomecânicas, dentre elas a estabilidade dinâmica, da articulação do joelho. Objetivo: Realizar revisão sistemática da literatura para apontar as possíveis características e ações da musculatura glútea relacionadas com a estabilização dinâmica do joelho e investigar a eficácia de programas de intervenção direcionados à musculatura glútea na melhora de desfechos funcionais ou sintomatológicos relacionados às disfunções na articulação do joelho. Métodos: Revisão sistemática desenvolvida de acordo com o protocolo PRISMA (Preferred Report Items for Systematic Reviews and Meta-Analyses). Foram realizadas buscas nas bases de dados eletrônicas MEDLINE, SCIELO, COCHRANE, LILACS e PEDro, conforme estratégia de busca dada pela combinação de termos referentes ao assunto da pesquisa. Critérios de inclusão: estudos publicados até março de 2016, amostra de indivíduos com idade entre 18 e 60 anos, sem restrição de idioma de publicação, ter envolvido a avaliação ou o tratamento de alguma característica da musculatura do quadril relacionando à estabilização dinâmica do joelho. Resultados: Dos 109 estudos encontrados, onze foram incluídos por atenderem aos critérios de inclusão. Destes, oito (73%) foram do tipo observacional exploratório e três (27%) ensaio clínico aleatorizado (ECA) (5≤PEDro≤8). Todos os ECA incluíram adultos jovens, do sexo feminino, com síndrome da dor femoropatelar e avaliaram o músculo glúteo médio. Segundo os resultados da maioria dos estudos, os músculos glúteos apresentam relação com a manutenção do alinhamento do membro inferior no plano frontal, reduzindo o valgo dinâmico em atividades funcionais, sendo mais importante a magnitude da ativação muscular do que o tempo desta ativação. Os ECA evidenciaram a importância de se intervir no fortalecimento da musculatura glútea em programas de reabilitação do joelho: em indivíduos sintomáticos com síndrome da dor femoropatelar houve melhora funcional e sintomatológica significativa após este tipo de intervenção, que foi realizada associada ao tratamento convencional no joelho ou tronco. Conclusão: A magnitude de ativação e a força muscular dos músculos glúteos têm papel importante na estabilidade dinâmica do joelho. Intervenções nestas musculaturas, associadas ao tratamento convencional, são eficazes para melhora de desfechos funcionais e sintomatológicos relacionados à articulação do joelho. </subfield>
</datafield>
<datafield tag="260" ind1=" " ind2=" ">
<subfield code="b">Faculdade de Medicina, Universidade de São Paulo</subfield>
</datafield>
<dataField tag="260" ind1=" " ind2=" ">
<subfield code="c">2017-06-30 00:00:00</subfield>
</dataField>   <datafield tag="856" ind1=" " ind2=" ">
<subfield code="q">application/pdf</subfield>
</datafield>
<datafield tag="856" ind1="4" ind2="0">
<subfield code="u">https://www.revistas.usp.br/actafisiatrica/article/view/153640</subfield>
</datafield>  <datafield tag="786" ind1="0" ind2=" ">
<subfield code="n">Acta Fisiátrica; v. 24 n. 2 (2017)</subfield>
</datafield>  <datafield tag="546" ind1=" " ind2=" ">
<subfield code="a">por</subfield>
</datafield>   <datafield tag="540" ind1=" " ind2=" ">
<subfield code="a">Copyright (c) 2017 Acta Fisiátrica</subfield>
</datafield>
</record>
</metadata>
</record>