
<record>
<header>
<identifier>oai:revistas.usp.br:article/153686</identifier>
<datestamp>2019-09-23T14:06:27Z</datestamp>
<setSpec>actafisiatrica:Art.+Orig.</setSpec>
<setSpec>driver</setSpec>
</header>
<metadata>
<record xmlns="http://www.loc.gov/MARC21/slim" xmlns:xsi="http://www.w3.org/2001/XMLSchema-instance" xsi:schemaLocation="http://www.loc.gov/MARC21/slim http://www.loc.gov/standards/marcxml/schema/MARC21slim.xsd">
<leader>     nmb a2200000Iu 4500</leader>
<controlfield tag="008">"170930 2017                        eng  "</controlfield>
<datafield tag="022" ind1="#" ind2="#">
<subfield code="$a">2317-0190</subfield>
</datafield>
<datafield tag="022" ind1="#" ind2="#">
<subfield code="$a">0104-7795</subfield>
</datafield>
<datafield tag="042" ind1=" " ind2=" ">
<subfield code="a">dc</subfield>
</datafield>
<datafield tag="245" ind1="0" ind2="0">
<subfield code="a">Análise do incremento da força muscular para reaquisição de ortostatismo em idosos com síndrome do imobilismo temporário</subfield>
</datafield>  <datafield tag="720" ind1="1" ind2=" ">
<subfield code="a">Silva, Jefferson Lucio da</subfield>
</datafield>
<datafield tag="720" ind1="1" ind2=" ">
<subfield code="a">Eduardo Filoni, Eduardo Filoni</subfield>
<subfield code="u">Universidade de Mogi das Cruzes - UMC</subfield></datafield>
<datafield tag="720" ind1="1" ind2=" ">
<subfield code="a">Suguimoto, Carolina Miyuki</subfield>
<subfield code="u">Universidade de Mogi das Cruzes - UMC</subfield><subfield code="0">https://orcid.org/0000-0001-6512-6825</subfield></datafield>
<datafield tag="520" ind1=" " ind2=" ">
<subfield code="a"> A Síndrome do Imobilismo (SI), frequente entre idoso, ocorre no indivíduo acamado por período prolongado, acarretando perda de força muscular (FM) e consequentemente morbidade e mortalidade. Objetivo: Analisar ganho de FM necessário para reaquisição de ortostatismo em idosos com SI temporário. Métodos: Trinta idosos com SI foram triados pelos critérios de inclusão/exclusão, e 14 idosos obedeceram aos critérios. Eles foram avaliados quanto à FM (em quilogramas) dos músculos quadríceps e glúteos, e posteriormente realizaram sessões de fortalecimento. Ao final do programa, realizou-se tentativa de ortostatismo. Aqueles que readquiriram a postura foram chamados de G1; aqueles que não readquiriram foram chamados de G2. Analisou-se incremento das cargas, número de sessões necessárias, peso do participante, idade e tempo de imobilismo. Resultados: Dez participantes (71,4%) readquiriram o ortostatismo (G1), obtendo média de 21,4 sessões e incremento de força para quadríceps em média de 6kg, correspondendo a um aumento de 177%; e G2 aumentou em média 4,125kg, aumentando-se 117% (p=0,001). Para m glúteo, houve ganho de FM em média de 2,2kg (aumento de 102%) para G1 e 1,625kg para G2, aumentando-se 39%. (p=0,0002). Houve forte correlação para peso do participante com ganho de FM de quadríceps e glúteos (-0,96 e -0,84 respectivamente) e moderada correlação com idade de G1 e G2 (0,59 e 0,58 respectivamente) e com tempo de imobilismo (0,53 para glúteos e 0,50 para quadríceps). Conclusão: O incremento da FM foi essencial para reaquisição do ortostatismo, e o peso, idade e tempo de imobilismo interferiram na reaquisição desta postura. </subfield>
</datafield>
<datafield tag="260" ind1=" " ind2=" ">
<subfield code="b">Faculdade de Medicina, Universidade de São Paulo</subfield>
</datafield>
<dataField tag="260" ind1=" " ind2=" ">
<subfield code="c">2017-09-30 00:00:00</subfield>
</dataField>   <datafield tag="856" ind1=" " ind2=" ">
<subfield code="q">application/pdf</subfield>
</datafield>
<datafield tag="856" ind1=" " ind2=" ">
<subfield code="q">application/pdf</subfield>
</datafield>
<datafield tag="856" ind1="4" ind2="0">
<subfield code="u">https://www.revistas.usp.br/actafisiatrica/article/view/153686</subfield>
</datafield>  <datafield tag="786" ind1="0" ind2=" ">
<subfield code="n">Acta Fisiátrica; v. 24 n. 3 (2017)</subfield>
</datafield>  <datafield tag="546" ind1=" " ind2=" ">
<subfield code="a">por</subfield>
</datafield>   <datafield tag="540" ind1=" " ind2=" ">
<subfield code="a">Copyright (c) 2017 Acta Fisiátrica</subfield>
</datafield>
</record>
</metadata>
</record>