
<record>
<header>
<identifier>oai:revistas.usp.br:article/153688</identifier>
<datestamp>2019-09-23T14:22:26Z</datestamp>
<setSpec>actafisiatrica:Art.+Orig.</setSpec>
<setSpec>driver</setSpec>
</header>
<metadata>
<record xmlns="http://www.loc.gov/MARC21/slim" xmlns:xsi="http://www.w3.org/2001/XMLSchema-instance" xsi:schemaLocation="http://www.loc.gov/MARC21/slim http://www.loc.gov/standards/marcxml/schema/MARC21slim.xsd">
<leader>     nmb a2200000Iu 4500</leader>
<controlfield tag="008">"170930 2017                        eng  "</controlfield>
<datafield tag="022" ind1="#" ind2="#">
<subfield code="$a">2317-0190</subfield>
</datafield>
<datafield tag="022" ind1="#" ind2="#">
<subfield code="$a">0104-7795</subfield>
</datafield>
<datafield tag="042" ind1=" " ind2=" ">
<subfield code="a">dc</subfield>
</datafield>
<datafield tag="245" ind1="0" ind2="0">
<subfield code="a">Avaliação da qualidade de vida, grau de incapacidade e do desenho da figura humana em pacientes com neuropatias na hanseníase</subfield>
</datafield>  <datafield tag="720" ind1="1" ind2=" ">
<subfield code="a">Benedicto, Camila Beltrame</subfield>
<subfield code="u">Instituto Lauro de Souza Lima - ILSL</subfield></datafield>
<datafield tag="720" ind1="1" ind2=" ">
<subfield code="a">Marques, Tatiani</subfield>
<subfield code="u">Instituto Lauro de Souza Lima - ILSL</subfield></datafield>
<datafield tag="720" ind1="1" ind2=" ">
<subfield code="a">Milano, Arianni Pereira</subfield>
<subfield code="u">Instituto Lauro de Souza Lima - ILSL</subfield></datafield>
<datafield tag="720" ind1="1" ind2=" ">
<subfield code="a">Galan, Noêmi Garcia de Almeida</subfield>
<subfield code="u">Instituto Lauro de Souza Lima - ILSL</subfield></datafield>
<datafield tag="720" ind1="1" ind2=" ">
<subfield code="a">Nardi, Susilene Tonelli</subfield>
<subfield code="u">Instituto Adolfo Lutz - IAL</subfield><subfield code="0">https://orcid.org/0000-0003-3001-8634</subfield></datafield>
<datafield tag="720" ind1="1" ind2=" ">
<subfield code="a">Duerksen, Frank</subfield>
<subfield code="u">Health Sciences Centre Winnipeg</subfield></datafield>
<datafield tag="720" ind1="1" ind2=" ">
<subfield code="a">Marciano, Lúcia Helena Soares Camargo</subfield>
<subfield code="u">Instituto Lauro de Souza Lima - ILSL</subfield><subfield code="0">https://orcid.org/0000-0003-3219-9088</subfield></datafield>
<datafield tag="720" ind1="1" ind2=" ">
<subfield code="a">Prado, Renata Bilion Ruiz</subfield>
<subfield code="u">Instituto Lauro de Souza Lima - ILSL</subfield><subfield code="0">https://orcid.org/0000-0003-3545-614X</subfield></datafield>
<datafield tag="520" ind1=" " ind2=" ">
<subfield code="a"> Na hanseníase, a presença de sintomas dermatoneurológicos com potencial evolução para incapacidades físicas pode comprometer a qualidade de vida (QV) e a imagem corporal do paciente. Objetivo: Avaliar as possíveis associações entre a QV, o Grau de Incapacidade (GI) e o Desenho da Figura Humana (DFH) em indivíduos com neuropatia hansênica. Método: Este estudo consiste em um estudo descritivo, com abordagem quanti-qualitativa. Foram utilizados quatro instrumentos de avaliação: Questionário sociodemográfico, NeuroQol (Neuropathy – Specific Quality of Life Questionnaire), DFH e Formulário de avaliação do GI. Foram incluídos pacientes com GI 1 ou 2 nos pés e idade igual ou superior a 18 anos. Resultados: Foram avaliados 100 indivíduos. Entre aqueles com GI 2, houve uma tendência à omissão do nariz (p=0,050) e DFH no tamanho pequeno (p=0,047). Houve associação entre o DFH e o domínio QV Sintomas difuso sensitivo-motores (p=0,035), sugerindo que a omissão dos pés no DFH pode representar perda da QV. Conclusão: Indivíduos com neuropatia hansênica apresentam QV boa à moderada. A omissão de segmentos do corpo pode indicar conflitos e sentimentos de insegurança. Há indícios de perda de autonomia quando o paciente omite ou corta os pés no DFH. </subfield>
</datafield>
<datafield tag="260" ind1=" " ind2=" ">
<subfield code="b">Faculdade de Medicina, Universidade de São Paulo</subfield>
</datafield>
<dataField tag="260" ind1=" " ind2=" ">
<subfield code="c">2017-09-30 00:00:00</subfield>
</dataField>   <datafield tag="856" ind1=" " ind2=" ">
<subfield code="q">application/pdf</subfield>
</datafield>
<datafield tag="856" ind1=" " ind2=" ">
<subfield code="q">application/pdf</subfield>
</datafield>
<datafield tag="856" ind1="4" ind2="0">
<subfield code="u">https://www.revistas.usp.br/actafisiatrica/article/view/153688</subfield>
</datafield>  <datafield tag="786" ind1="0" ind2=" ">
<subfield code="n">Acta Fisiátrica; v. 24 n. 3 (2017)</subfield>
</datafield>  <datafield tag="546" ind1=" " ind2=" ">
<subfield code="a">por</subfield>
</datafield>   <datafield tag="540" ind1=" " ind2=" ">
<subfield code="a">Copyright (c) 2017 Acta Fisiátrica</subfield>
</datafield>
</record>
</metadata>
</record>