
<record>
<header>
<identifier>oai:revistas.usp.br:article/153694</identifier>
<datestamp>2019-09-23T14:34:21Z</datestamp>
<setSpec>actafisiatrica:Art.+Orig.</setSpec>
<setSpec>driver</setSpec>
</header>
<metadata>
<record xmlns="http://www.loc.gov/MARC21/slim" xmlns:xsi="http://www.w3.org/2001/XMLSchema-instance" xsi:schemaLocation="http://www.loc.gov/MARC21/slim http://www.loc.gov/standards/marcxml/schema/MARC21slim.xsd">
<leader>     nmb a2200000Iu 4500</leader>
<controlfield tag="008">"170930 2017                        eng  "</controlfield>
<datafield tag="022" ind1="#" ind2="#">
<subfield code="$a">2317-0190</subfield>
</datafield>
<datafield tag="022" ind1="#" ind2="#">
<subfield code="$a">0104-7795</subfield>
</datafield>
<datafield tag="042" ind1=" " ind2=" ">
<subfield code="a">dc</subfield>
</datafield>
<datafield tag="245" ind1="0" ind2="0">
<subfield code="a">Performance of quality of life and functional capacity in women with knee osteoarthritis treated with viscosupplementation and strength training</subfield>
</datafield>  <datafield tag="720" ind1="1" ind2=" ">
<subfield code="a">Hamdan, Paulo Cesar</subfield>
<subfield code="0">https://orcid.org/0000-0002-3931-9321</subfield></datafield>
<datafield tag="720" ind1="1" ind2=" ">
<subfield code="a">Bica, Blanca Elena Rios Gomes</subfield>
</datafield>
<datafield tag="720" ind1="1" ind2=" ">
<subfield code="a">Mendonça, Laura Maria Carvalho de</subfield>
</datafield>
<datafield tag="720" ind1="1" ind2=" ">
<subfield code="a">Paula, Thiago Gomes de</subfield>
</datafield>
<datafield tag="720" ind1="1" ind2=" ">
<subfield code="a">Cossich, Victor Rodrigues Amaral</subfield>
</datafield>
<datafield tag="720" ind1="1" ind2=" ">
<subfield code="a">Nicoliche, Eduardo Becker</subfield>
</datafield>
<datafield tag="520" ind1=" " ind2=" ">
<subfield code="a"> The viscosupplementation and strength training are interventions accepted in the treatment of knee osteoarthritis. Objective: The study describes the effect of two interventions in quality of life and functional capacity. Method: Thirty women diagnosed with bilateral knee osteoarthritis of grade II and III by radiological criteria of Kellgren &amp; Lawrence, were randomized into three groups with ten patients each: VSTF group submitted to viscosupplementation and strength training, TF group submitted only to strength training and VS group submitted only to viscossuplementation. Moments of the study were defined as pre-procedure (PRE), after 48 hours of VS (POS-VS) after 12 weeks of training (POS T) and after eight weeks of detraining (POS D). Quality of life was assessed by the SF-36 BRAZIL, functional capacity by Lequesne index. Intraarticular infiltrations were carried out with a single dose of 6 ml / 48 mg with 6,000,000 kDa Hylan GF-20 and strength training sessions were held for twelve weeks. Results: Strength training and viscosupplementation were effective in the treatment of knee osteoarthritis. Both interventions promoted improvements in quality of life and in functional capacity (p &lt; 0.001), with advantage to the groups that trained force. Conclusion: Strength training is a possible replacement of viscosupplementation in the treatment of osteoarthritis of women&#039;s knees. However, the beneficial effect of viscosupplementation in pain reduction suggests better efficiency in the strength training execution which may be an advantage of the association of both. </subfield>
</datafield>
<datafield tag="260" ind1=" " ind2=" ">
<subfield code="b">Faculdade de Medicina, Universidade de São Paulo</subfield>
</datafield>
<dataField tag="260" ind1=" " ind2=" ">
<subfield code="c">2017-09-30 00:00:00</subfield>
</dataField>   <datafield tag="856" ind1=" " ind2=" ">
<subfield code="q">application/pdf</subfield>
</datafield>
<datafield tag="856" ind1="4" ind2="0">
<subfield code="u">https://www.revistas.usp.br/actafisiatrica/article/view/153694</subfield>
</datafield>  <datafield tag="786" ind1="0" ind2=" ">
<subfield code="n">Acta Fisiátrica; v. 24 n. 3 (2017)</subfield>
</datafield>  <datafield tag="546" ind1=" " ind2=" ">
<subfield code="a">eng</subfield>
</datafield>   <datafield tag="540" ind1=" " ind2=" ">
<subfield code="a">Copyright (c) 2017 Acta Fisiátrica</subfield>
</datafield>
</record>
</metadata>
</record>