
<record>
<header>
<identifier>oai:revistas.usp.br:article/153697</identifier>
<datestamp>2019-09-23T14:46:54Z</datestamp>
<setSpec>actafisiatrica:Art.+Orig.</setSpec>
<setSpec>driver</setSpec>
</header>
<metadata>
<record xmlns="http://www.loc.gov/MARC21/slim" xmlns:xsi="http://www.w3.org/2001/XMLSchema-instance" xsi:schemaLocation="http://www.loc.gov/MARC21/slim http://www.loc.gov/standards/marcxml/schema/MARC21slim.xsd">
<leader>     nmb a2200000Iu 4500</leader>
<controlfield tag="008">"170930 2017                        eng  "</controlfield>
<datafield tag="022" ind1="#" ind2="#">
<subfield code="$a">2317-0190</subfield>
</datafield>
<datafield tag="022" ind1="#" ind2="#">
<subfield code="$a">0104-7795</subfield>
</datafield>
<datafield tag="042" ind1=" " ind2=" ">
<subfield code="a">dc</subfield>
</datafield>
<datafield tag="245" ind1="0" ind2="0">
<subfield code="a">A importância pratica da cinesioterapia em grupo na qualidade de vida de idosos</subfield>
</datafield>  <datafield tag="720" ind1="1" ind2=" ">
<subfield code="a">Vilela-Junio, Juscelino Francisco</subfield>
<subfield code="u">Associação Caruaruense de Ensino Superior e Técnico - ASCES</subfield><subfield code="0">https://orcid.org/0000-0002-3390-1679</subfield></datafield>
<datafield tag="720" ind1="1" ind2=" ">
<subfield code="a">Soares, Vitor Marcilio Gomes</subfield>
<subfield code="u">Associação Caruaruense de Ensino Superior e Técnico - ASCES</subfield></datafield>
<datafield tag="720" ind1="1" ind2=" ">
<subfield code="a">Maciel, Ana Maria Sá Barreto</subfield>
<subfield code="u">Associação Caruaruense de Ensino Superior e Técnico - ASCES</subfield></datafield>
<datafield tag="520" ind1=" " ind2=" ">
<subfield code="a"> Analisar o efeito da cinesioterapia em grupo sobre a qualidade de vida, adesão e desistência do programa, capacidade funcional, equilíbrio e marcha de idosas sedentárias. Método: Estudo experimental, amostra de idosas com média de idade de 69,83 (±7,76), que foram submetidas a um protocolo de cinesioterapia e randomizadas em três grupos (N=48), cinesioterapia em grupo (CG), cinesioterapia individual (CI) e controle (C); durante 12 semanas. A qualidade de vida foi avaliada por meio do questionário SF-36, e as variáveis de equilíbrio e marcha através do teste de Tinetti. Utilizando os procedimentos estatísticos descritivos (média e desvio padrão) e o teste de Wilcoxon, admitindo-se o nível de significância de p &lt; 0, 05. Resultados: Taxa de permanência: CG:n=9; GI:n=10; C:n=8 ;Teste de Tinetti:Grupo CG: escore total 9.26 X 13.1; Grupo GI 11.37 X 14.5. Não houve melhora no grupo C. SF-36: média de escores: (CG) Dor: 33.2 X 70.7; Aspectos emocionais 33.3 X 66.6; (GI) Capacidade funcional: 64 X 85.5; Aspectos emocionais: 77.7 X 88; Limitação funcional: 72.5X 100. Não houve melhora estatisticamente significativas no grupo C. Conclusão: Não foram encontradas diferenças expressivas em relação a taxa de desistência entre a dinâmica em grupo e a dinâmica individual no programa de cinesioterapia, no entanto os grupos experimentais apresentaram diferenças significativas com os testes, antes e pós intervenção, para melhora nos aspectos emocionais, melhora de limitações físicas, redução de dor, melhora no equilíbrio e marcha, mostrando assim eficácia e importância dessa atividade. </subfield>
</datafield>
<datafield tag="260" ind1=" " ind2=" ">
<subfield code="b">Faculdade de Medicina, Universidade de São Paulo</subfield>
</datafield>
<dataField tag="260" ind1=" " ind2=" ">
<subfield code="c">2017-09-30 00:00:00</subfield>
</dataField>   <datafield tag="856" ind1=" " ind2=" ">
<subfield code="q">application/pdf</subfield>
</datafield>
<datafield tag="856" ind1=" " ind2=" ">
<subfield code="q">application/pdf</subfield>
</datafield>
<datafield tag="856" ind1="4" ind2="0">
<subfield code="u">https://www.revistas.usp.br/actafisiatrica/article/view/153697</subfield>
</datafield>  <datafield tag="786" ind1="0" ind2=" ">
<subfield code="n">Acta Fisiátrica; v. 24 n. 3 (2017)</subfield>
</datafield>  <datafield tag="546" ind1=" " ind2=" ">
<subfield code="a">por</subfield>
</datafield>   <datafield tag="540" ind1=" " ind2=" ">
<subfield code="a">Copyright (c) 2017 Acta Fisiátrica</subfield>
</datafield>
</record>
</metadata>
</record>