
<record>
<header>
<identifier>oai:revistas.usp.br:article/153699</identifier>
<datestamp>2019-09-23T15:07:11Z</datestamp>
<setSpec>actafisiatrica:Art.+Orig.</setSpec>
<setSpec>driver</setSpec>
</header>
<metadata>
<record xmlns="http://www.loc.gov/MARC21/slim" xmlns:xsi="http://www.w3.org/2001/XMLSchema-instance" xsi:schemaLocation="http://www.loc.gov/MARC21/slim http://www.loc.gov/standards/marcxml/schema/MARC21slim.xsd">
<leader>     nmb a2200000Iu 4500</leader>
<controlfield tag="008">"170930 2017                        eng  "</controlfield>
<datafield tag="022" ind1="#" ind2="#">
<subfield code="$a">2317-0190</subfield>
</datafield>
<datafield tag="022" ind1="#" ind2="#">
<subfield code="$a">0104-7795</subfield>
</datafield>
<datafield tag="042" ind1=" " ind2=" ">
<subfield code="a">dc</subfield>
</datafield>
<datafield tag="245" ind1="0" ind2="0">
<subfield code="a">Análise das variáveis espaços temporais e angulares da marcha em indivíduos cegos</subfield>
</datafield>  <datafield tag="720" ind1="1" ind2=" ">
<subfield code="a">Santo, Caroline Cunha do Espírito</subfield>
<subfield code="u">Universidade do Estado de Santa Catarina - UDESC</subfield><subfield code="0">https://orcid.org/0000-0001-8657-9532</subfield></datafield>
<datafield tag="720" ind1="1" ind2=" ">
<subfield code="a">Tavares, Graziela Morgana Silva</subfield>
<subfield code="u">Universidade Federal do Pampa - UNIPAMPA</subfield><subfield code="0">https://orcid.org/0000-0003-1499-7705</subfield></datafield>
<datafield tag="720" ind1="1" ind2=" ">
<subfield code="a">Libardoni, Thiele de Cássia</subfield>
<subfield code="u">Universidade do Estado de Santa Catarina - UDESC</subfield></datafield>
<datafield tag="720" ind1="1" ind2=" ">
<subfield code="a">Sinhorim, Larissa</subfield>
<subfield code="u">Universidade do Estado de Santa Catarina - UDESC</subfield></datafield>
<datafield tag="720" ind1="1" ind2=" ">
<subfield code="a">Santos, Gilmar Moraes</subfield>
<subfield code="u">Universidade do Estado de Santa Catarina - UDESC</subfield></datafield>
<datafield tag="520" ind1=" " ind2=" ">
<subfield code="a"> Analisar e descrever as variáveis espaços temporais e angulares da marcha de indivíduos cegos totais. Método: Estudo foi composto por 19 indivíduos com idade média de 28±6 anos, sendo estes divididos em dois grupos, o primeiro composto por oito indivíduos cegos totais (GCT), e o segundo grupo por 11 indivíduos com visão normal (GVN). As variáveis foram coletadas pelo sistema Peak Motus e analisadas no software Ariel Performance Analysis System. Os indivíduos caminharam em um trajeto com sete metros de extensão, livre de obstáculos, em velocidade auto selecionada, até que seis passadas fossem consideradas válidas. Para o tratamento estatístico dos dados utilizou-se o Teste t de student, com nível de significância de p≤0,05. Resultados: Os sujeitos do GCT apresentaram redução significativa da velocidade da marcha, cadência, comprimento da passada, fase de balanço e do ângulo máximo de flexão do joelho, bem como aumento da fase de apoio e do período de duplo apoio, quando comparados com os sujeitos no GVN. Não foi encontrada diferença significativa para ângulo máximo de extensão do quadril entre os grupos pesquisados. Conclusão: Os achados deste estudo mostraram que a ausência da informação visual induz nos sujeitos cegos uma marcha mais lenta, com redução do comprimento da passada, ângulo de flexão do joelho e fase de balanço, e, aumento da fase de apoio e do período de duplo apoio, quando comparados a sujeitos de visão normal. </subfield>
</datafield>
<datafield tag="260" ind1=" " ind2=" ">
<subfield code="b">Faculdade de Medicina, Universidade de São Paulo</subfield>
</datafield>
<dataField tag="260" ind1=" " ind2=" ">
<subfield code="c">2017-09-30 00:00:00</subfield>
</dataField>   <datafield tag="856" ind1=" " ind2=" ">
<subfield code="q">application/pdf</subfield>
</datafield>
<datafield tag="856" ind1=" " ind2=" ">
<subfield code="q">application/pdf</subfield>
</datafield>
<datafield tag="856" ind1="4" ind2="0">
<subfield code="u">https://www.revistas.usp.br/actafisiatrica/article/view/153699</subfield>
</datafield>  <datafield tag="786" ind1="0" ind2=" ">
<subfield code="n">Acta Fisiátrica; v. 24 n. 3 (2017)</subfield>
</datafield>  <datafield tag="546" ind1=" " ind2=" ">
<subfield code="a">por</subfield>
</datafield>   <datafield tag="540" ind1=" " ind2=" ">
<subfield code="a">Copyright (c) 2017 Acta Fisiátrica</subfield>
</datafield>
</record>
</metadata>
</record>