
<record>
<header>
<identifier>oai:revistas.usp.br:article/153700</identifier>
<datestamp>2019-09-23T15:16:57Z</datestamp>
<setSpec>actafisiatrica:Art.+Rev.</setSpec>
<setSpec>driver</setSpec>
</header>
<metadata>
<record xmlns="http://www.loc.gov/MARC21/slim" xmlns:xsi="http://www.w3.org/2001/XMLSchema-instance" xsi:schemaLocation="http://www.loc.gov/MARC21/slim http://www.loc.gov/standards/marcxml/schema/MARC21slim.xsd">
<leader>     nmb a2200000Iu 4500</leader>
<controlfield tag="008">"170930 2017                        eng  "</controlfield>
<datafield tag="022" ind1="#" ind2="#">
<subfield code="$a">2317-0190</subfield>
</datafield>
<datafield tag="022" ind1="#" ind2="#">
<subfield code="$a">0104-7795</subfield>
</datafield>
<datafield tag="042" ind1=" " ind2=" ">
<subfield code="a">dc</subfield>
</datafield>
<datafield tag="245" ind1="0" ind2="0">
<subfield code="a">Tratamento por ondas de choque extracorpórea na síndrome do estresse tibial: uma revisão da literatura</subfield>
</datafield>  <datafield tag="720" ind1="1" ind2=" ">
<subfield code="a">Pai, Marcus Yu Bin</subfield>
<subfield code="u">Universidade Federal de São Paulo - UNIFESP</subfield><subfield code="0">https://orcid.org/0000-0001-8821-7711</subfield></datafield>
<datafield tag="720" ind1="1" ind2=" ">
<subfield code="a">Nakagawa, Mariana Hida</subfield>
<subfield code="u">Universidade Federal de São Paulo - UNIFESP</subfield></datafield>
<datafield tag="720" ind1="1" ind2=" ">
<subfield code="a">Toma, Juliana Takiguti</subfield>
<subfield code="u">Universidade Federal de São Paulo - UNIFESP</subfield></datafield>
<datafield tag="720" ind1="1" ind2=" ">
<subfield code="a">Santos, Bruno Schiefer dos</subfield>
<subfield code="u">Universidade Federal de São Paulo - UNIFESP</subfield></datafield>
<datafield tag="720" ind1="1" ind2=" ">
<subfield code="a">Santos, Paulo Roberto Dias dos</subfield>
<subfield code="u">Universidade Federal de São Paulo - UNIFESP</subfield></datafield>
<datafield tag="720" ind1="1" ind2=" ">
<subfield code="a">Andreoli, Carlos Vicente</subfield>
<subfield code="u">Universidade Federal de São Paulo - UNIFESP</subfield></datafield>
<datafield tag="720" ind1="1" ind2=" ">
<subfield code="a">Ejnisman, Benno</subfield>
<subfield code="u">Universidade Federal de São Paulo - UNIFESP</subfield><subfield code="0">https://orcid.org/0000-0002-3301-1457</subfield></datafield>
<datafield tag="520" ind1=" " ind2=" ">
<subfield code="a"> A síndrome do estresse tibial medial é uma lesão comum devido a sobrecarga mecânica, principalmente em atletas, devido a inflamação local e estresse ósseo. A terapia de ondas de choque (TOC) vem sendo utilizada como tratamento para esta patologia por seus efeitos analgésicos e anti-inflamatórios. Objetivo: Avaliar a eficácia da TOC no tratamento analgésico da síndrome do estresse tibial medial e medidas de funcionalidade. Métodos: Foi realizada uma revisão da literatura, sendo incluídos estudos clínicos em humanos. Resultados: 3 artigos preencheram os critérios de inclusão, incluindo 166 pacientes. Os trabalhos trouxeram uma ampla variedade de intervenções, tipos de aparelhos, frequência e energia utilizada, além de diferenças nas quantidades de sessões e tipos de ondas de choque utilizado no tratamento. Conclusão: Ainda não há evidências consistentes quanto ao uso da TOC no tratamento conservador da síndrome do estresse tibial medial, com estudos pequenos, de qualidade metodológica baixa. Os estudos inclusos no trabalho não relataram efeitos colaterais significativos. </subfield>
</datafield>
<datafield tag="260" ind1=" " ind2=" ">
<subfield code="b">Faculdade de Medicina, Universidade de São Paulo</subfield>
</datafield>
<dataField tag="260" ind1=" " ind2=" ">
<subfield code="c">2017-09-30 00:00:00</subfield>
</dataField>   <datafield tag="856" ind1=" " ind2=" ">
<subfield code="q">application/pdf</subfield>
</datafield>
<datafield tag="856" ind1="4" ind2="0">
<subfield code="u">https://www.revistas.usp.br/actafisiatrica/article/view/153700</subfield>
</datafield>  <datafield tag="786" ind1="0" ind2=" ">
<subfield code="n">Acta Fisiátrica; v. 24 n. 3 (2017)</subfield>
</datafield>  <datafield tag="546" ind1=" " ind2=" ">
<subfield code="a">por</subfield>
</datafield>   <datafield tag="540" ind1=" " ind2=" ">
<subfield code="a">Copyright (c) 2017 Acta Fisiátrica</subfield>
</datafield>
</record>
</metadata>
</record>