
<record>
<header>
<identifier>oai:revistas.usp.br:article/153702</identifier>
<datestamp>2019-09-23T15:23:01Z</datestamp>
<setSpec>actafisiatrica:Art.+Rev.</setSpec>
<setSpec>driver</setSpec>
</header>
<metadata>
<record xmlns="http://www.loc.gov/MARC21/slim" xmlns:xsi="http://www.w3.org/2001/XMLSchema-instance" xsi:schemaLocation="http://www.loc.gov/MARC21/slim http://www.loc.gov/standards/marcxml/schema/MARC21slim.xsd">
<leader>     nmb a2200000Iu 4500</leader>
<controlfield tag="008">"170930 2017                        eng  "</controlfield>
<datafield tag="022" ind1="#" ind2="#">
<subfield code="$a">2317-0190</subfield>
</datafield>
<datafield tag="022" ind1="#" ind2="#">
<subfield code="$a">0104-7795</subfield>
</datafield>
<datafield tag="042" ind1=" " ind2=" ">
<subfield code="a">dc</subfield>
</datafield>
<datafield tag="245" ind1="0" ind2="0">
<subfield code="a">Uso da termografia como método de avaliação na medicina física e de reabilitação: revisão de literatura</subfield>
</datafield>  <datafield tag="720" ind1="1" ind2=" ">
<subfield code="a">Alfieri, Fábio Marcon</subfield>
<subfield code="u">Instituto de Medicina Física e Reabilitação - IMREA HCFMUSP</subfield><subfield code="0">https://orcid.org/0000-0002-5242-3246</subfield></datafield>
<datafield tag="720" ind1="1" ind2=" ">
<subfield code="a">Santos, Artur Cesar Aquino dos</subfield>
<subfield code="u">Instituto de Medicina Física e Reabilitação - IMREA HCFMUSP</subfield></datafield>
<datafield tag="720" ind1="1" ind2=" ">
<subfield code="a">Battistella, Linamara Rizzo</subfield>
<subfield code="u">Universidade de São Paulo. Faculdade de Medicina</subfield><subfield code="0">https://orcid.org/0000-0001-5275-0733</subfield></datafield>
<datafield tag="520" ind1=" " ind2=" ">
<subfield code="a"> Por indicar a temperatura corporal, a avaliação termográfica pode servir como indicativo de alteração fisiológica em algumas condições clínicas nas quais a reabilitação se faz necessária. Objetivo: Conhecer a quantidade de publicações sobre o uso da termografia como instrumento de avaliação de desfecho de pesquisa clínica em estudos de reabilitação. Método: Foi feita uma busca na base de dados PubMed. Como descritor foi utilizado somente o MeSH term Thermography e escolhidos os artigos que reportavam pesquisa clínica. Resultados: De 6957 artigos encontrados, 316 eram Clinical trials, destes, 304 foram excluídos por não atenderem os critérios de inclusão, permanecendo assim 12 estudos. Estes foram classificados segundo a escala de JADAD. Apenas três estudos foram considerados com boa qualidade metodológica. Nos estudos incluídos, as condições clínicas avaliadas foram: dor muscular tardia, lombalgia, artrite reumatoide, síndrome da dor complexa regional, dor miofascial, osteoartrite, Fenômeno de Raynaud&#039;s, e tendinites. Diversos recursos terapêuticos foram utilizados, sendo o laser usado em 5 estudos. Apenas um estudo não conseguiu identificar mudanças após os procedimentos de reabilitação quando usada a termografia como avaliação. Conclusão: Essa revisão mostrou que poucos estudos e com baixa qualidade metodológica usaram a termografia como método de avaliação em programas de reabilitação. </subfield>
</datafield>
<datafield tag="260" ind1=" " ind2=" ">
<subfield code="b">Faculdade de Medicina, Universidade de São Paulo</subfield>
</datafield>
<dataField tag="260" ind1=" " ind2=" ">
<subfield code="c">2017-09-30 00:00:00</subfield>
</dataField>   <datafield tag="856" ind1=" " ind2=" ">
<subfield code="q">application/pdf</subfield>
</datafield>
<datafield tag="856" ind1="4" ind2="0">
<subfield code="u">https://www.revistas.usp.br/actafisiatrica/article/view/153702</subfield>
</datafield>  <datafield tag="786" ind1="0" ind2=" ">
<subfield code="n">Acta Fisiátrica; v. 24 n. 3 (2017)</subfield>
</datafield>  <datafield tag="546" ind1=" " ind2=" ">
<subfield code="a">por</subfield>
</datafield>   <datafield tag="540" ind1=" " ind2=" ">
<subfield code="a">Copyright (c) 2017 Acta Fisiátrica</subfield>
</datafield>
</record>
</metadata>
</record>