
<record>
<header>
<identifier>oai:revistas.usp.br:article/153703</identifier>
<datestamp>2019-09-23T16:57:53Z</datestamp>
<setSpec>actafisiatrica:Rel.+Caso</setSpec>
<setSpec>driver</setSpec>
</header>
<metadata>
<record xmlns="http://www.loc.gov/MARC21/slim" xmlns:xsi="http://www.w3.org/2001/XMLSchema-instance" xsi:schemaLocation="http://www.loc.gov/MARC21/slim http://www.loc.gov/standards/marcxml/schema/MARC21slim.xsd">
<leader>     nmb a2200000Iu 4500</leader>
<controlfield tag="008">"170930 2017                        eng  "</controlfield>
<datafield tag="022" ind1="#" ind2="#">
<subfield code="$a">2317-0190</subfield>
</datafield>
<datafield tag="022" ind1="#" ind2="#">
<subfield code="$a">0104-7795</subfield>
</datafield>
<datafield tag="042" ind1=" " ind2=" ">
<subfield code="a">dc</subfield>
</datafield>
<datafield tag="245" ind1="0" ind2="0">
<subfield code="a">Manifestações musculoesqueléticas na síndrome de Klippel-Trenaunay</subfield>
</datafield>  <datafield tag="720" ind1="1" ind2=" ">
<subfield code="a">Capucho, Patricia Yuri</subfield>
<subfield code="u">Instituto de Medicina Física e Reabilitação - IMREA HCFMUSP</subfield></datafield>
<datafield tag="720" ind1="1" ind2=" ">
<subfield code="a">Thinen, Natalia Cristina</subfield>
<subfield code="u">Instituto de Medicina Física e Reabilitação - IMREA HCFMUSP</subfield></datafield>
<datafield tag="720" ind1="1" ind2=" ">
<subfield code="a">Carvalho, Mariana Cavazzoni Lima de</subfield>
<subfield code="u">Instituto de Medicina Física e Reabilitação - IMREA HCFMUSP</subfield></datafield>
<datafield tag="520" ind1=" " ind2=" ">
<subfield code="a"> A síndrome de Klippel-Trenaunay é uma doença congênita rara de etiologia não definida, caracterizada pela presença da tríade: manchas vinho do porto, malformações venosas ou veias varicosas e hipertrofia óssea e/ou tecidual. Acomete mais frequentemente os membros inferiores. O tratamento em geral é conservador, sendo as intervenções limitadas ao tratamento das complicações. Objetivo: Apresentar relato de caso de uma criança com manifestações musculoesqueléticas da síndrome avaliada por equipe multiprofissional, composta pelo serviço social, psicologia, fisioterapia, terapia ocupacional, fonoaudiologia, enfermagem e médico fisiatra. Método: Após avaliação foi definido trabalhar consciência e correção da postura assim como a percepção corporal, realização de atividade em ortostatismo, treino de equilíbrio, dissociação de cinturas e trocas posturais. Resultados: Paciente participou dos atendimentos multiprofissionais por dois meses, obteve melhor estabilidade da marcha, passando a ter marcha independente na comunidade, com velocidade maior e menor número de quedas. Conclusão: Recebeu alta com objetivos atingidos e pais sensibilizados quanto à importância de manter o seguimento multiprofissional e seguir os objetivos traçados em domicílio. </subfield>
</datafield>
<datafield tag="260" ind1=" " ind2=" ">
<subfield code="b">Faculdade de Medicina, Universidade de São Paulo</subfield>
</datafield>
<dataField tag="260" ind1=" " ind2=" ">
<subfield code="c">2017-09-30 00:00:00</subfield>
</dataField>   <datafield tag="856" ind1=" " ind2=" ">
<subfield code="q">application/pdf</subfield>
</datafield>
<datafield tag="856" ind1=" " ind2=" ">
<subfield code="q">application/pdf</subfield>
</datafield>
<datafield tag="856" ind1="4" ind2="0">
<subfield code="u">https://www.revistas.usp.br/actafisiatrica/article/view/153703</subfield>
</datafield>  <datafield tag="786" ind1="0" ind2=" ">
<subfield code="n">Acta Fisiátrica; v. 24 n. 3 (2017)</subfield>
</datafield>  <datafield tag="546" ind1=" " ind2=" ">
<subfield code="a">por</subfield>
</datafield>   <datafield tag="540" ind1=" " ind2=" ">
<subfield code="a">Copyright (c) 2017 Acta Fisiátrica</subfield>
</datafield>
</record>
</metadata>
</record>