
<record>
<header>
<identifier>oai:revistas.usp.br:article/153705</identifier>
<datestamp>2019-09-23T17:13:53Z</datestamp>
<setSpec>actafisiatrica:Rel.+Caso</setSpec>
<setSpec>driver</setSpec>
</header>
<metadata>
<record xmlns="http://www.loc.gov/MARC21/slim" xmlns:xsi="http://www.w3.org/2001/XMLSchema-instance" xsi:schemaLocation="http://www.loc.gov/MARC21/slim http://www.loc.gov/standards/marcxml/schema/MARC21slim.xsd">
<leader>     nmb a2200000Iu 4500</leader>
<controlfield tag="008">"170930 2017                        eng  "</controlfield>
<datafield tag="022" ind1="#" ind2="#">
<subfield code="$a">2317-0190</subfield>
</datafield>
<datafield tag="022" ind1="#" ind2="#">
<subfield code="$a">0104-7795</subfield>
</datafield>
<datafield tag="042" ind1=" " ind2=" ">
<subfield code="a">dc</subfield>
</datafield>
<datafield tag="245" ind1="0" ind2="0">
<subfield code="a">Órtese com impressão 3D para ombro: relato de caso</subfield>
</datafield>  <datafield tag="720" ind1="1" ind2=" ">
<subfield code="a">Assad, Danielle Aline Barata</subfield>
<subfield code="u">Universidade de São Paulo. Hospital das Clínicas de Ribeirão Preto - HCFMRP</subfield></datafield>
<datafield tag="720" ind1="1" ind2=" ">
<subfield code="a">Elui, Valeria Meirelles Carril</subfield>
<subfield code="u">Universidade de São Paulo. Faculdade de Medicina de Ribeirão Preto - FMRP</subfield><subfield code="0">https://orcid.org/0000-0003-2898-2766</subfield></datafield>
<datafield tag="720" ind1="1" ind2=" ">
<subfield code="a">Wong, Vincent</subfield>
<subfield code="u">Universidade Estadual Paulista &quot;Júlio de Mesquita Filho&quot; - UNESP</subfield><subfield code="0">https://orcid.org/0000-0002-1356-5962</subfield></datafield>
<datafield tag="720" ind1="1" ind2=" ">
<subfield code="a">Fortulan, Carlos Alberto</subfield>
<subfield code="u">Universidade de São Paulo. Escola de Engenharia de São Carlos - EESC</subfield><subfield code="0">https://orcid.org/0000-0002-2259-9910</subfield></datafield>
<datafield tag="520" ind1=" " ind2=" ">
<subfield code="a"> Subluxação do ombro é a complicação musculoesquelética mais comum das afecções do Sistema Nervoso Central e Periférico, que leva a diminuição do movimento, da função e aumento de dor. Órtese é um dos recursos auxiliares utilizados no tratamento desta patologia e visa corrigir deformidade, diminuir dor e proporcionar função ao membro acometido. Objetivo: Este trabalho propõe uma nova metodologia para projetar e fabricar órteses customizadas estabilizadoras de ombro utilizando as tecnologias de aquisição 3D por escaneamento e de fabricação por Impressão 3D, e assegurar melhor adaptabilidade e maior conforto para o usuário. Método: A metodologia foi dividida em cinco fases: estudo de caso, escaneamento, modelagem e impressão em 3D e acabamento. O estudo de caso do usuário com lesão de plexo braquial motivou o projeto de desenho original de órtese híbrida, personalizada e manufaturada em 3D, usando estrutura rígida e faixas de tração, com objetivo de estabilizar o ombro, diminuir a dor e permitir função. Resultados: Após escaneamento em 3D utilizou-se softwares especializados para processar a imagem tridimensional STL. Realizaram-se otimizações do projeto com geração de modelos e peças prototipadas em FDM; avaliada pelo usuário. O conceito desenvolvido foi: órtese personalizada, fácil de higienizar e vestir, resistente, articulada, veste nos dois braços com faixas de tração em tecido rígido acoplado à cintura. Conclusão: O teste com usuário corroborou com o conceito projetado e mostrou um protótipo preliminar com bom acoplamento ao tronco, tração satisfatória e possibilidade de realizar um maior número de AVD´s com menos dor e/ou sensação de cansaço. </subfield>
</datafield>
<datafield tag="260" ind1=" " ind2=" ">
<subfield code="b">Faculdade de Medicina, Universidade de São Paulo</subfield>
</datafield>
<dataField tag="260" ind1=" " ind2=" ">
<subfield code="c">2017-09-30 00:00:00</subfield>
</dataField>   <datafield tag="856" ind1=" " ind2=" ">
<subfield code="q">application/pdf</subfield>
</datafield>
<datafield tag="856" ind1=" " ind2=" ">
<subfield code="q">application/pdf</subfield>
</datafield>
<datafield tag="856" ind1="4" ind2="0">
<subfield code="u">https://www.revistas.usp.br/actafisiatrica/article/view/153705</subfield>
</datafield>  <datafield tag="786" ind1="0" ind2=" ">
<subfield code="n">Acta Fisiátrica; v. 24 n. 3 (2017)</subfield>
</datafield>  <datafield tag="546" ind1=" " ind2=" ">
<subfield code="a">por</subfield>
</datafield>   <datafield tag="540" ind1=" " ind2=" ">
<subfield code="a">Copyright (c) 2017 Acta Fisiátrica</subfield>
</datafield>
</record>
</metadata>
</record>