
<record>
<header>
<identifier>oai:revistas.usp.br:article/153706</identifier>
<datestamp>2019-09-23T17:24:41Z</datestamp>
<setSpec>actafisiatrica:Tend.+Refle.</setSpec>
<setSpec>driver</setSpec>
</header>
<metadata>
<record xmlns="http://www.loc.gov/MARC21/slim" xmlns:xsi="http://www.w3.org/2001/XMLSchema-instance" xsi:schemaLocation="http://www.loc.gov/MARC21/slim http://www.loc.gov/standards/marcxml/schema/MARC21slim.xsd">
<leader>     nmb a2200000Iu 4500</leader>
<controlfield tag="008">"170930 2017                        eng  "</controlfield>
<datafield tag="022" ind1="#" ind2="#">
<subfield code="$a">2317-0190</subfield>
</datafield>
<datafield tag="022" ind1="#" ind2="#">
<subfield code="$a">0104-7795</subfield>
</datafield>
<datafield tag="042" ind1=" " ind2=" ">
<subfield code="a">dc</subfield>
</datafield>
<datafield tag="245" ind1="0" ind2="0">
<subfield code="a">Uso prático da AbobotulinumtoxinA no tratamento de espasticidade em crianças com paralisia cerebral</subfield>
</datafield>  <datafield tag="720" ind1="1" ind2=" ">
<subfield code="a">Dorf, Sandro Rachevsky</subfield>
<subfield code="u">Universidade Federal do Rio de Janeiro - UFRJ</subfield><subfield code="0">https://orcid.org/0000-0001-6739-8760</subfield></datafield>
<datafield tag="720" ind1="1" ind2=" ">
<subfield code="a">Caldas, Carla Andrea Cardoso Tanuri</subfield>
<subfield code="u">Centro de Reabilitação do Hospital das Clínicas de Ribeirão Preto</subfield></datafield>
<datafield tag="720" ind1="1" ind2=" ">
<subfield code="a">Chueire, Regina Helena Morganti Fornari</subfield>
<subfield code="u">Faculdade de Medicina de São José do Rio Preto - FAMERP</subfield></datafield>
<datafield tag="720" ind1="1" ind2=" ">
<subfield code="a">Carvalho, José Henrique</subfield>
<subfield code="u">Universidade Federal da Bahia - UFBA</subfield></datafield>
<datafield tag="720" ind1="1" ind2=" ">
<subfield code="a">Brito, João Amaury Francês</subfield>
<subfield code="u">Universidade Federal do Pará - UFPA</subfield></datafield>
<datafield tag="720" ind1="1" ind2=" ">
<subfield code="a">Maciel, Simone Carazzato</subfield>
<subfield code="u">Associação de Assistência à Criança Deficiente - AACD</subfield></datafield>
<datafield tag="720" ind1="1" ind2=" ">
<subfield code="a">Sarmento, Elder Machado</subfield>
<subfield code="u">Centro Universitário de Volta Redonda - UNIFOA</subfield><subfield code="0">https://orcid.org/0000-0003-4500-1376</subfield></datafield>
<datafield tag="720" ind1="1" ind2=" ">
<subfield code="a">Ramos, Arquimedes Moura</subfield>
<subfield code="u">Universidade de São Paulo. Faculdade de Medicina</subfield></datafield>
<datafield tag="520" ind1=" " ind2=" ">
<subfield code="a"> AbobotulinumtoxinA (ABO) tem sido utilizada para o tratamento da espasticidade em crianças com paralisia cerebral (PC). Seu uso requer uma administração cuidadosa, quanto à dosagem, seleção de locais de aplicação, intervalo entre aplicações, eficácia e segurança. Este foi o primeiro painel de especialistas no tratamento da espasticidade que desenvolveu um guia sobre questões gerais relacionadas a terapêutica de médicos que utilizam ABO, incluindo a indicação da dosagem a ser aplicada por músculo. O tratamento deve ser iniciado o mais rápido, idealmente entre dois e seis anos de idade. Uma avaliação clínica deve identificar os músculos espásticos e determinar o objetivo: melhora funcional, analgesia, facilidade de cuidados e posicionamento, prevenção da luxação dos quadris, melhora da marcha e postura, facilitação do processo de educação, maior participação social e/ou melhora estética. Os pré-requisitos para alcançar bons resultados são a seleção muscular adequada, a dosagem de ABO e a técnica de injeção. Muitos padrões patológicos comuns podem ser tratados se vários músculos forem simultaneamente injetados em uma única sessão de tratamento; O planejamento da dose de ABO por músculo deve levar em consideração a dosagem máxima em unidades por músculo e a dose de ABO máxima total por sessão (30 U / kg de peso corporal do paciente, não superior a 1000 U). Após a aplicação, as crianças devem ser submetidas a programas de fisioterapia e terapia ocupacional, focadas em orientações domiciliares e em orientações para a família, aumentando as chances de ganho terapêutico. O tratamento com ABO é multidisciplinar e requer abordagens integradas. </subfield>
</datafield>
<datafield tag="260" ind1=" " ind2=" ">
<subfield code="b">Faculdade de Medicina, Universidade de São Paulo</subfield>
</datafield>
<dataField tag="260" ind1=" " ind2=" ">
<subfield code="c">2017-09-30 00:00:00</subfield>
</dataField>   <datafield tag="856" ind1=" " ind2=" ">
<subfield code="q">application/pdf</subfield>
</datafield>
<datafield tag="856" ind1=" " ind2=" ">
<subfield code="q">application/pdf</subfield>
</datafield>
<datafield tag="856" ind1="4" ind2="0">
<subfield code="u">https://www.revistas.usp.br/actafisiatrica/article/view/153706</subfield>
</datafield>  <datafield tag="786" ind1="0" ind2=" ">
<subfield code="n">Acta Fisiátrica; v. 24 n. 3 (2017)</subfield>
</datafield>  <datafield tag="546" ind1=" " ind2=" ">
<subfield code="a">por</subfield>
</datafield>   <datafield tag="540" ind1=" " ind2=" ">
<subfield code="a">Copyright (c) 2017 Acta Fisiátrica</subfield>
</datafield>
</record>
</metadata>
</record>