
<record>
<header>
<identifier>oai:revistas.usp.br:article/154135</identifier>
<datestamp>2019-09-23T13:37:10Z</datestamp>
<setSpec>actafisiatrica:Art.+Orig.</setSpec>
<setSpec>driver</setSpec>
</header>
<metadata>
<record xmlns="http://www.loc.gov/MARC21/slim" xmlns:xsi="http://www.w3.org/2001/XMLSchema-instance" xsi:schemaLocation="http://www.loc.gov/MARC21/slim http://www.loc.gov/standards/marcxml/schema/MARC21slim.xsd">
<leader>     nmb a2200000Iu 4500</leader>
<controlfield tag="008">"171227 2017                        eng  "</controlfield>
<datafield tag="022" ind1="#" ind2="#">
<subfield code="$a">2317-0190</subfield>
</datafield>
<datafield tag="022" ind1="#" ind2="#">
<subfield code="$a">0104-7795</subfield>
</datafield>
<datafield tag="042" ind1=" " ind2=" ">
<subfield code="a">dc</subfield>
</datafield>
<datafield tag="245" ind1="0" ind2="0">
<subfield code="a">Influência do tempo de prática do ballet sobre equilíbrio e estabilização pélvica</subfield>
</datafield>  <datafield tag="720" ind1="1" ind2=" ">
<subfield code="a">Sentena, Janaína Teixeira</subfield>
<subfield code="u">Universidade Federal do Pampa – UNIPAMPA</subfield></datafield>
<datafield tag="720" ind1="1" ind2=" ">
<subfield code="a">Soares, Patrícia Morales</subfield>
<subfield code="u">Universidade Federal do Pampa – UNIPAMPA</subfield></datafield>
<datafield tag="720" ind1="1" ind2=" ">
<subfield code="a">Lara, Simone</subfield>
<subfield code="u">Universidade Federal do Pampa – UNIPAMPA</subfield></datafield>
<datafield tag="720" ind1="1" ind2=" ">
<subfield code="a">Teixeira, Lilian Pinto</subfield>
<subfield code="u">Universidade Federal do Pampa – UNIPAMPA</subfield></datafield>
<datafield tag="720" ind1="1" ind2=" ">
<subfield code="a">Tavares, Graziela Morgana Silva</subfield>
<subfield code="u">Universidade Federal do Pampa – UNIPAMPA</subfield></datafield>
<datafield tag="720" ind1="1" ind2=" ">
<subfield code="a">Balk, Rodrigo de Souza</subfield>
<subfield code="u">Universidade Federal do Pampa – UNIPAMPA</subfield></datafield>
<datafield tag="520" ind1=" " ind2=" ">
<subfield code="a"> Objetivo: Identificar se o tempo de pratica do ballet influencia o equilíbrio postural (EP) e a capacidade de estabilização pélvica (CEP). Métodos: Foram incluídas bailarinas, alocadas em dois grupos: o grupo 1, que praticou o ballet por um período mínimo de um ano e máximo de dois anos e 11 meses (N=11) e grupo 2, que praticou o ballet por um período superior a três anos (N=10). O EP foi avaliado através da posturografia dinâmica computadorizada, por meio dos testes de organização sensorial (TOS). A CEP foi avaliada através do teste da ponte com extensão unilateral do joelho. Resultados: O tempo de prática do ballet influenciou o EP das meninas, uma vez que as bailarinas mais experientes obtiveram valores superiores relacionados ao sistema vestibular; porém não houve diferença entre os grupos em relação a estabilidade pélvica. Conclusão: O maior tempo de prática do ballet influenciou positivamente o EP das bailarinas. </subfield>
</datafield>
<datafield tag="260" ind1=" " ind2=" ">
<subfield code="b">Faculdade de Medicina, Universidade de São Paulo</subfield>
</datafield>
<dataField tag="260" ind1=" " ind2=" ">
<subfield code="c">2017-12-27 00:00:00</subfield>
</dataField>   <datafield tag="856" ind1=" " ind2=" ">
<subfield code="q">application/pdf</subfield>
</datafield>
<datafield tag="856" ind1=" " ind2=" ">
<subfield code="q">application/pdf</subfield>
</datafield>
<datafield tag="856" ind1="4" ind2="0">
<subfield code="u">https://www.revistas.usp.br/actafisiatrica/article/view/154135</subfield>
</datafield>  <datafield tag="786" ind1="0" ind2=" ">
<subfield code="n">Acta Fisiátrica; v. 24 n. 4 (2017)</subfield>
</datafield>  <datafield tag="546" ind1=" " ind2=" ">
<subfield code="a">por</subfield>
</datafield>   <datafield tag="540" ind1=" " ind2=" ">
<subfield code="a">Copyright (c) 2017 Acta Fisiátrica</subfield>
</datafield>
</record>
</metadata>
</record>