
<record>
<header>
<identifier>oai:revistas.usp.br:article/154183</identifier>
<datestamp>2019-09-23T17:31:25Z</datestamp>
<setSpec>actafisiatrica:Art.+Orig.</setSpec>
<setSpec>driver</setSpec>
</header>
<metadata>
<record xmlns="http://www.loc.gov/MARC21/slim" xmlns:xsi="http://www.w3.org/2001/XMLSchema-instance" xsi:schemaLocation="http://www.loc.gov/MARC21/slim http://www.loc.gov/standards/marcxml/schema/MARC21slim.xsd">
<leader>     nmb a2200000Iu 4500</leader>
<controlfield tag="008">"171227 2017                        eng  "</controlfield>
<datafield tag="022" ind1="#" ind2="#">
<subfield code="$a">2317-0190</subfield>
</datafield>
<datafield tag="022" ind1="#" ind2="#">
<subfield code="$a">0104-7795</subfield>
</datafield>
<datafield tag="042" ind1=" " ind2=" ">
<subfield code="a">dc</subfield>
</datafield>
<datafield tag="245" ind1="0" ind2="0">
<subfield code="a">Uso de fisioterapia entre idosos usuários de serviços de atenção primária</subfield>
</datafield>  <datafield tag="720" ind1="1" ind2=" ">
<subfield code="a">Terada, Natalia Akemi Yamada</subfield>
<subfield code="u">Universidade de São Paulo. Faculdade de Medicina de Ribeirão Preto</subfield><subfield code="0">https://orcid.org/0000-0001-6429-0594</subfield></datafield>
<datafield tag="720" ind1="1" ind2=" ">
<subfield code="a">Santos, Scarlet Feitosa</subfield>
<subfield code="u">Universidade de São Paulo. Faculdade de Medicina de Ribeirão Preto</subfield><subfield code="0">https://orcid.org/0000-0002-8931-7754</subfield></datafield>
<datafield tag="720" ind1="1" ind2=" ">
<subfield code="a">Zucoloto, Miriane Lucindo</subfield>
<subfield code="u">Universidade de São Paulo. Faculdade de Medicina de Ribeirão Preto</subfield><subfield code="0">https://orcid.org/0000-0002-4745-227X</subfield></datafield>
<datafield tag="720" ind1="1" ind2=" ">
<subfield code="a">Martinez, Edson Zangiacomi</subfield>
<subfield code="u">Universidade de São Paulo. Faculdade de Medicina de Ribeirão Preto</subfield><subfield code="0">https://orcid.org/0000-0002-0949-3222</subfield></datafield>
<datafield tag="520" ind1=" " ind2=" ">
<subfield code="a"> The physiotherapy has an important role in the health promotion and autonomy for the elderly, and the healthcare system should be able to provide adequate support for older age groups. Objective: The objectives of this cross-sectional study were to determine the lifetime prevalence of physiotherapy utilization among elderly users (60 years of age or more) of primary healthcare facilities in Ribeirão Preto, Brazil, and to investigate its association with variables such as sex, age, educational level and socioeconomic status. Methods: Data were collected during face-to-face interviews. Participants were invited to participate in the study while they waited for their medical appointment in a primary healthcare facility. Log-binomial regression models were used for adjusting the data. The sample was composed of 224 (63%) women and 133 (37%) men. Results: Overall, 141 (39.5%) individuals reported undertaking physiotherapy sessions some time along their lifetimes. The prevalence of physiotherapy utilization among women was 42.0% (95% CI: 35.4 - 48.7) and among men was 35.3% (95% CI: 27.2 - 44.1). The utilization of physiotherapy was more frequent among elderlies who had health insurance coverage, higher socioeconomic status and higher educational level. This suggests that some groups of population have more access to physiotherapy due to a higher capacity to pay for healthcare when compared to uninsured people. Conclusion: The participation of physiotherapists in the primary care setting should be encouraged, in order to reduce inequalities in access to such resources. </subfield>
</datafield>
<datafield tag="260" ind1=" " ind2=" ">
<subfield code="b">Faculdade de Medicina, Universidade de São Paulo</subfield>
</datafield>
<dataField tag="260" ind1=" " ind2=" ">
<subfield code="c">2017-12-27 00:00:00</subfield>
</dataField>   <datafield tag="856" ind1=" " ind2=" ">
<subfield code="q">application/pdf</subfield>
</datafield>
<datafield tag="856" ind1="4" ind2="0">
<subfield code="u">https://www.revistas.usp.br/actafisiatrica/article/view/154183</subfield>
</datafield>  <datafield tag="786" ind1="0" ind2=" ">
<subfield code="n">Acta Fisiátrica; v. 24 n. 4 (2017)</subfield>
</datafield>  <datafield tag="546" ind1=" " ind2=" ">
<subfield code="a">eng</subfield>
</datafield>   <datafield tag="540" ind1=" " ind2=" ">
<subfield code="a">Copyright (c) 2017 Acta Fisiátrica</subfield>
</datafield>
</record>
</metadata>
</record>