
<record>
<header>
<identifier>oai:revistas.usp.br:article/154184</identifier>
<datestamp>2019-09-23T17:35:55Z</datestamp>
<setSpec>actafisiatrica:Art.+Orig.</setSpec>
<setSpec>driver</setSpec>
</header>
<metadata>
<record xmlns="http://www.loc.gov/MARC21/slim" xmlns:xsi="http://www.w3.org/2001/XMLSchema-instance" xsi:schemaLocation="http://www.loc.gov/MARC21/slim http://www.loc.gov/standards/marcxml/schema/MARC21slim.xsd">
<leader>     nmb a2200000Iu 4500</leader>
<controlfield tag="008">"171227 2017                        eng  "</controlfield>
<datafield tag="022" ind1="#" ind2="#">
<subfield code="$a">2317-0190</subfield>
</datafield>
<datafield tag="022" ind1="#" ind2="#">
<subfield code="$a">0104-7795</subfield>
</datafield>
<datafield tag="042" ind1=" " ind2=" ">
<subfield code="a">dc</subfield>
</datafield>
<datafield tag="245" ind1="0" ind2="0">
<subfield code="a">Terapia de ondas de choque focal para osteoartrose de joelho: um ensaio clínico randomizado duplo-cego</subfield>
</datafield>  <datafield tag="720" ind1="1" ind2=" ">
<subfield code="a">Cavalieri, Fabíola</subfield>
<subfield code="u">Instituto de Medicina Física e Reabilitação, Hospital das Clínicas da Universidade de São Paulo</subfield></datafield>
<datafield tag="720" ind1="1" ind2=" ">
<subfield code="a">Shinzato, Gilson Tanaka</subfield>
<subfield code="u">Instituto de Medicina Física e Reabilitação, Hospital das Clínicas da Universidade de São Paulo</subfield><subfield code="0">https://orcid.org/0000-0002-1462-7096</subfield></datafield>
<datafield tag="720" ind1="1" ind2=" ">
<subfield code="a">Leite, Victor Figueiredo</subfield>
<subfield code="u">Instituto de Medicina Física e Reabilitação, Hospital das Clínicas da Universidade de São Paulo</subfield><subfield code="0">https://orcid.org/0000-0002-9287-4025</subfield></datafield>
<datafield tag="720" ind1="1" ind2=" ">
<subfield code="a">Uchiyama, Sabrina Saemy Tome</subfield>
<subfield code="u">Instituto de Medicina Física e Reabilitação, Hospital das Clínicas da Universidade de São Paulo</subfield></datafield>
<datafield tag="720" ind1="1" ind2=" ">
<subfield code="a">Miyazaki, Margarida Margarida</subfield>
<subfield code="u">Instituto de Medicina Física e Reabilitação, Hospital das Clínicas da Universidade de São Paulo</subfield></datafield>
<datafield tag="720" ind1="1" ind2=" ">
<subfield code="a">Kirihara, André Kazuyoshi</subfield>
<subfield code="u">Instituto de Medicina Física e Reabilitação, Hospital das Clínicas da Universidade de São Paulo</subfield></datafield>
<datafield tag="720" ind1="1" ind2=" ">
<subfield code="a">Battistella, Linamara Rizzo</subfield>
<subfield code="u">Departamento de Medicina Legal, Ética Médica e Medicina Social e do Trabalho da Faculdade de Medicina da Universidade de São Paulo</subfield><subfield code="0">https://orcid.org/0000-0001-5275-0733</subfield></datafield>
<datafield tag="520" ind1=" " ind2=" ">
<subfield code="a"> Objetivo: Avaliar eficácia da terapia de ondas de choque focal (f-ESWT) comparada ao placebo para dor e incapacidade em pacientes com osteoartrose de joelho (OA). Métodos: Ensaio clínico randomizado, duplo-cego, placebo controlado, pacientes com OA primária de joelhos realizaram exercícios (alongamentos de isquiotibiais e fortalecimento de quadríceps) e randomizados em f-ESWT ou placebo. Todos os pacientes foram submetidos a 4 sessões semanais de 7.000 pulsos, e no grupo f-ESWT a energia foi de até 0.15mJ/mm2. O desfecho primário foi a escala analógica visual (VAS) para dor em 1 mês. Os desfechos secundários foram WOMAC, TUG, Lequesne e índice de resposta OMERACT-OARSI em 1 e 3 meses; bem como VAS aos 3 meses e eventos adversos (EAs). O teste de Mann-Whitney U e o teste exato Fisher foram utilizados com alfa = 5% e poder = 80% em uma análise de intenção de tratar. Os desfechos contínuos foram relatados como média ± desvio padrão. Resultados: 18 pacientes (9 em cada grupo), idade de 60.6±8.7 com 33.3% homens. Não houve diferença significativa entre grupos em qualquer variável. F-ESWT não foi superior ao placebo em 1 mês: VAS = -2,97 ± 3,18 e -2,68 ± 2,33 cm, respectivamente, p = 0,96. Somente o TUG no 1º mês foi significativo: 9.09 ± 2.30 e 11.01 ± 2.85 seg, p = 0.01. Conclusão: f-ESWT não foi superior ao placebo para osteoartrose de joelhos. Este estudo foi insuficiente para detectar diferenças. Novos estudos devem usar WOMAC A (subescala dor) como desfecho primário e recrutar 92 pacientes. </subfield>
</datafield>
<datafield tag="260" ind1=" " ind2=" ">
<subfield code="b">Faculdade de Medicina, Universidade de São Paulo</subfield>
</datafield>
<dataField tag="260" ind1=" " ind2=" ">
<subfield code="c">2017-12-27 00:00:00</subfield>
</dataField>   <datafield tag="856" ind1=" " ind2=" ">
<subfield code="q">application/pdf</subfield>
</datafield>
<datafield tag="856" ind1=" " ind2=" ">
<subfield code="q">application/pdf</subfield>
</datafield>
<datafield tag="856" ind1="4" ind2="0">
<subfield code="u">https://www.revistas.usp.br/actafisiatrica/article/view/154184</subfield>
</datafield>  <datafield tag="786" ind1="0" ind2=" ">
<subfield code="n">Acta Fisiátrica; v. 24 n. 4 (2017)</subfield>
</datafield>  <datafield tag="546" ind1=" " ind2=" ">
<subfield code="a">por</subfield>
</datafield>   <datafield tag="540" ind1=" " ind2=" ">
<subfield code="a">Copyright (c) 2017 Acta Fisiátrica</subfield>
</datafield>
</record>
</metadata>
</record>