
<record>
<header>
<identifier>oai:revistas.usp.br:article/154186</identifier>
<datestamp>2019-09-23T17:44:01Z</datestamp>
<setSpec>actafisiatrica:Art.+Orig.</setSpec>
<setSpec>driver</setSpec>
</header>
<metadata>
<record xmlns="http://www.loc.gov/MARC21/slim" xmlns:xsi="http://www.w3.org/2001/XMLSchema-instance" xsi:schemaLocation="http://www.loc.gov/MARC21/slim http://www.loc.gov/standards/marcxml/schema/MARC21slim.xsd">
<leader>     nmb a2200000Iu 4500</leader>
<controlfield tag="008">"171227 2017                        eng  "</controlfield>
<datafield tag="022" ind1="#" ind2="#">
<subfield code="$a">2317-0190</subfield>
</datafield>
<datafield tag="022" ind1="#" ind2="#">
<subfield code="$a">0104-7795</subfield>
</datafield>
<datafield tag="042" ind1=" " ind2=" ">
<subfield code="a">dc</subfield>
</datafield>
<datafield tag="245" ind1="0" ind2="0">
<subfield code="a">Dinapenia e qualidade de vida em indivíduos infectados pelo HIV</subfield>
</datafield>  <datafield tag="720" ind1="1" ind2=" ">
<subfield code="a">Lédo, Ana Paula de Oliveira</subfield>
<subfield code="u">Universidade Federal da Bahia - UFBA</subfield><subfield code="0">https://orcid.org/0000-0001-7846-4989</subfield></datafield>
<datafield tag="720" ind1="1" ind2=" ">
<subfield code="a">Neves, Janmille de Sá</subfield>
<subfield code="u">Universidade do Estado da Bahia - UNEB</subfield></datafield>
<datafield tag="720" ind1="1" ind2=" ">
<subfield code="a">Martinez, Bruno Prata</subfield>
<subfield code="u">Universidade do Estado da Bahia - UNEB</subfield><subfield code="0">https://orcid.org/0000-0002-4673-8698</subfield></datafield>
<datafield tag="720" ind1="1" ind2=" ">
<subfield code="a">Brites, Carlos</subfield>
<subfield code="u">Universidade Federal da Bahia - UFBA</subfield><subfield code="0">https://orcid.org/0000-0002-4673-6991</subfield></datafield>
<datafield tag="520" ind1=" " ind2=" ">
<subfield code="a"> O surgimento da terapia antirretroviral (TARV) eficaz, transformou o perfil evolutivo da infecção pelo vírus da imunodeficiência humana adquirida (HIV) em uma doença crônica, com o aumento da expectativa de vida e complicações relacionadas ao uso desta, como a fraqueza muscular. Objetivo: Descrever a ocorrência de dinapenia e sua relação com qualidade de vida em indivíduos infectados com HIV. Métodos: Estudo observacional, de corte transversal, onde a força de preensão palmar foi avaliada através da dinamometria. Foram incluídos indivíduos infectados pelo HIV com idade ≥18 anos e capacidade para aferição da força muscular. O diagnóstico de dinapenia foi determinado pelos critérios definidos pela literatura para avaliação da força de preensão palmar e o índice de massa corporal (IMC). Para avaliação da qualidade de vida utilizou-se o questionário de qualidade de vida Short-Form Health Survey (SF-36). Outras variáveis mensuradas foram tempo de uso de TARV e o Índice de Comorbidades de Charlson (ICC), além de idade, sexo e peso. Resultados: A presença de dinapenia foi de 11,6% na amostra estudada. Houve associação de dinapenia com as variáveis idade (p=0,0001), presença de cormobidades (p=0,0001), menor força de preensão palmar (p=0,0001) e menor IMC (p=0,033). A qualidade de vida mostrou-se comprometida tanto nos domínios de aspectos físicos quanto nos de aspectos mentais. Conclusão: Existe dinapenia em uma parte dos indivíduos com HIV e houve associação desta com pior qualidade de vida, sugerindo a necessidade de rastreio e tratamento deste problema nessa população, muitas vezes subnotificado. </subfield>
</datafield>
<datafield tag="260" ind1=" " ind2=" ">
<subfield code="b">Faculdade de Medicina, Universidade de São Paulo</subfield>
</datafield>
<dataField tag="260" ind1=" " ind2=" ">
<subfield code="c">2017-12-27 00:00:00</subfield>
</dataField>   <datafield tag="856" ind1=" " ind2=" ">
<subfield code="q">application/pdf</subfield>
</datafield>
<datafield tag="856" ind1=" " ind2=" ">
<subfield code="q">application/pdf</subfield>
</datafield>
<datafield tag="856" ind1="4" ind2="0">
<subfield code="u">https://www.revistas.usp.br/actafisiatrica/article/view/154186</subfield>
</datafield>  <datafield tag="786" ind1="0" ind2=" ">
<subfield code="n">Acta Fisiátrica; v. 24 n. 4 (2017)</subfield>
</datafield>  <datafield tag="546" ind1=" " ind2=" ">
<subfield code="a">por</subfield>
</datafield>   <datafield tag="540" ind1=" " ind2=" ">
<subfield code="a">Copyright (c) 2017 Acta Fisiátrica</subfield>
</datafield>
</record>
</metadata>
</record>