
<record>
<header>
<identifier>oai:revistas.usp.br:article/154212</identifier>
<datestamp>2019-09-23T14:15:54Z</datestamp>
<setSpec>actafisiatrica:Art.+Orig.</setSpec>
<setSpec>driver</setSpec>
</header>
<metadata>
<record xmlns="http://www.loc.gov/MARC21/slim" xmlns:xsi="http://www.w3.org/2001/XMLSchema-instance" xsi:schemaLocation="http://www.loc.gov/MARC21/slim http://www.loc.gov/standards/marcxml/schema/MARC21slim.xsd">
<leader>     nmb a2200000Iu 4500</leader>
<controlfield tag="008">"171227 2017                        eng  "</controlfield>
<datafield tag="022" ind1="#" ind2="#">
<subfield code="$a">2317-0190</subfield>
</datafield>
<datafield tag="022" ind1="#" ind2="#">
<subfield code="$a">0104-7795</subfield>
</datafield>
<datafield tag="042" ind1=" " ind2=" ">
<subfield code="a">dc</subfield>
</datafield>
<datafield tag="245" ind1="0" ind2="0">
<subfield code="a">Função neuromuscular do bíceps braquial em contração isométrica após termoterapia</subfield>
</datafield>  <datafield tag="720" ind1="1" ind2=" ">
<subfield code="a">Guedes, Fábio Gonçalves</subfield>
<subfield code="u">Centro Universitário Estácio Juiz de Fora</subfield></datafield>
<datafield tag="720" ind1="1" ind2=" ">
<subfield code="a">Andrade, Maraline Cristina de</subfield>
<subfield code="u">Centro Universitário Estácio Juiz de Fora</subfield></datafield>
<datafield tag="720" ind1="1" ind2=" ">
<subfield code="a">Almeida, Maycon Rodrigo Felício de</subfield>
<subfield code="u">Centro Universitário Estácio Juiz de Fora</subfield></datafield>
<datafield tag="720" ind1="1" ind2=" ">
<subfield code="a">Amorim, Hícaro Felizardo</subfield>
<subfield code="u">Centro Universitário Estácio Juiz de Fora</subfield></datafield>
<datafield tag="720" ind1="1" ind2=" ">
<subfield code="a">Antunes, João Eduardo Machado da Costa</subfield>
<subfield code="u">Centro Universitário Estácio Juiz de Fora</subfield></datafield>
<datafield tag="720" ind1="1" ind2=" ">
<subfield code="a">Machado, Josimar Bento</subfield>
<subfield code="u">Centro Universitário Estácio Juiz de Fora</subfield></datafield>
<datafield tag="720" ind1="1" ind2=" ">
<subfield code="a">Dias, Sílvia Regina Costa</subfield>
<subfield code="u">Centro Universitário Estácio Juiz de Fora</subfield></datafield>
<datafield tag="520" ind1=" " ind2=" ">
<subfield code="a"> A alteração na temperatura de um tecido pode promover efeitos fisiológicos que levam a alterações circulatórias e nervosas, tais como vasodilatação e aumento na flexibilidade. Objetivo: Avaliar, através de uma avaliação neuromuscular não invasiva, como a termoterapia influencia na força muscular e nos sinais mioelétricos do bíceps braquial em contração isométrica. Métodos: Dezessete voluntários foram orientados a fazer contração isométrica do músculo bíceps braquial concomitantemente com a eletromiografia de superfície. A avaliação eletromiográfica e de força foram realizadas antes e após a intervenção com recursos termoterapêuticos: gelo (15 minutos) e ultrassom continuo (1MHz, 0.8W/cm2, 7 minutos). Resultados: Mostraram que as mulheres possuem menos força e ativam menos unidades motoras. No entanto, a frequência de disparos elétricos nas vias efetoras é maior, o que indica maior propensão à fadiga. Após a aplicação do calor, não foram observadas diferenças na resposta neuromuscular do bíceps braquial em contração. Já a crioterapia, promoveu redução significativa na força e no número de unidades motoras ativadas durante a contração. O resfriamento do tecido muscular promove a diminuição da ação das fibras musculares, uma vez que há redução da velocidade da condução do impulso nervoso e do reflexo do arco miotático. Além disso, a crioterapia também diminui a sensibilidade dos órgãos tendinosos de Golgi, aumenta a viscosidade sanguínea, provoca a vasoconstrição. Todos estes fatores, somam-se para culminar na diminuição da ativação neuromuscular e, consequentemente, na redução da força do músculo. </subfield>
</datafield>
<datafield tag="260" ind1=" " ind2=" ">
<subfield code="b">Faculdade de Medicina, Universidade de São Paulo</subfield>
</datafield>
<dataField tag="260" ind1=" " ind2=" ">
<subfield code="c">2017-12-27 00:00:00</subfield>
</dataField>   <datafield tag="856" ind1=" " ind2=" ">
<subfield code="q">application/pdf</subfield>
</datafield>
<datafield tag="856" ind1=" " ind2=" ">
<subfield code="q">application/pdf</subfield>
</datafield>
<datafield tag="856" ind1="4" ind2="0">
<subfield code="u">https://www.revistas.usp.br/actafisiatrica/article/view/154212</subfield>
</datafield>  <datafield tag="786" ind1="0" ind2=" ">
<subfield code="n">Acta Fisiátrica; v. 24 n. 4 (2017)</subfield>
</datafield>  <datafield tag="546" ind1=" " ind2=" ">
<subfield code="a">por</subfield>
</datafield>   <datafield tag="540" ind1=" " ind2=" ">
<subfield code="a">Copyright (c) 2017 Acta Fisiátrica</subfield>
</datafield>
</record>
</metadata>
</record>
<resumptionToken expirationDate="2023-08-08T14:50:25Z" completeListSize="935" cursor="625">9187f5cf23a14b9e4e691bfe17c95241</resumptionToken>
</ListRecords>
</OAI-PMH> 